3442 5359
645 744 678 800 de
695 746 895 814 praepositione
911 743 989 815 μενά.
1322 745 1383 807 129

254 915 439 1002 accusativo
455 915 672 999 coniungitur:
695 910 778 998 μεθ’
796 911 919 999 ἡμέραν
935 917 1011 983 Hdt.
1027 919 1051 1000 Ι,
1072 923 1147 1000 150;
1169 916 1253 1000 μετὰ
1268 918 1384 998 νύκτας

248 1014 351 1083 -Ρίοᾶ,
372 1014 465 1080 Nem.
490 1014 545 1096 VI,
570 1017 606 1096 93
628 1018 658 1077 P
679 1017 738 1079 149
762 1015 894 1097 legitur:
1054 1030 1057 1034 “

340 1138 416 1209 πῶς
438 1156 474 1198 κε
496 1130 535 1196 σύ
558 1137 690 1215 χείρονα
714 1134 810 1217 φῶτα
834 1131 1001 1211 σαώσειας
1023 1126 1104 1214 μεθ’
1131 1128 1278 1214 ὅμιλονλ)

251 1264 272 1329 i.
305 1284 331 1331 e.
363 1264 470 1342 „inter
497 1266 704 1347 tumultum“;
739 1290 758 1345 χ
788 1268 865 1350 352:
899 1263 982 1346 μετὰ
1019 1264 1134 1340 δαῖτας
1164 1272 1278 1342 „unter
1308 1266 1381 1331 dem

253 1361 396 1428 Mahle“.
435 1360 630 1444 significatio
652 1362 733 1428 haec
755 1382 772 1428 e
791 1365 950 1427 communi
972 1364 1102 1428 notione
1125 1363 1315 1440 „inmitten“
1337 1364 1350 1428 f
1372 1403 1382 1413 -

251 1461 374 1525 oillime
398 1459 590 1544 explicatum
621 1461 662 1526 ad
686 1461 901 1525 accusativum
931 1466 1036 1526 autem
1064 1461 1291 1546 explicandum
1321 1461 1382 1528 hoc

252 1556 451 1623 monendum
474 1565 531 1639 est,
554 1548 743 1642 sae'pissime
765 1577 803 1624 co
826 1577 903 1622 casu
925 1578 990 1622 rem
1015 1578 1072 1640 per
1086 1559 1214 1642 longius
1228 1560 1382 1642 temporis

251 1655 393 1739 spatium
409 1656 622 1738 pertinentem
637 1655 773 1721 indicari
789 1655 840 1734 (ei.
854 1655 979 1721 Curtius
989 1655 1131 1720 Gramm.
1144 1659 1183 1735 ἐξ
1195 1659 1280 1738 39913
1294 1661 1378 1738 405),

249 1755 343 1836 isque
365 1751 450 1834 perd
473 1753 719 1838 praepositionis
741 1773 816 1818 usus
839 1753 917 1818 satis
931 1754 1082 1836 antiquus
1096 1753 1287 1819 iudicandus
1310 1773 1381 1820 esse

251 1849 396 1933 videtur,
435 1850 520 1933 quod
553 1849 640 1936 apud
677 1850 870 1935 posteriores
902 1848 986 1930 μετά
1019 1870 1089 1916 cum
1123 1851 1304 1917 accusativo
1339 1851 1380 1917 de

250 1957 398 2033 tempore
421 1948 539 2014 dictum
561 1949 644 2014 nihil
665 1949 726 2013 nisi
750 1951 864 2033 „post“
887 1947 1067 2031 significare
1089 1951 1181 2014 solet.

337 2049 409 2112 lam
423 2052 624 2111 transeamus
642 2043 685 2110 ad
700 2047 866 2129 vulgarem
882 2046 1129 2129 praepositionis
1144 2043 1227 2126 μενά
1243 2066 1313 2111 cum
1328 2066 1380 2112 ac-

250 2143 398 2211 cusativo
414 2143 679 2223 coniunctionem,
699 2144 787 2209 cuins
803 2145 964 2227 propriam
980 2144 1044 2209 vim
1061 2165 1131 2209 eam
1147 2164 1219 2210 esse
1233 2150 1380 2227 apparet,

250 2249 286 2307 ut
309 2242 487 2308 subiectum
504 2241 593 2307 verbi
616 2240 657 2305 ad
681 2260 748 2307 rem
771 2241 922 2323 aliquam,
947 2261 1080 2322 quacum
1103 2261 1174 2306 sese
1197 2244 1379 2324 coniungat,

251 2338 351 2407 adeat
379 2340 431 2406 vel
462 2339 559 2404 aliam
590 2358 657 2404 rem
686 2337 745 2402 hoc
775 2338 844 2420 ipso
875 2340 1009 2405 consilio
1039 2338 1189 2403 inillam
1220 2340 1378 2405 immittat.

251 2438 305 2502 lta
328 2438 457 2503 dicitur:
487 2423 573 2521 ἦλθε
594 2428 667 2517 μετ’
702 2427 835 2512 αὐτούς,
867 2435 899 2505 Ξ
926 2440 1002 2519 136;
1031 2434 1160 2512 ἵππους
1188 2438 1271 2514 μετὰ
1301 2439 1380 2520 νῆας

251 2531 401 2600 ἐλαύνειν
423 2537 452 2597 E
476 2537 551 2619 1653
576 2531 707 2617 φεύγειν
730 2531 813 2615 μετὰ
837 2533 916 2619 νῆας
944 2537 986 2596 M
1011 2536 1087 2618 1233
1117 2541 1149 2600 et
1171 2534 1231 2599 hac
1254 2554 1379 2618 quoque

250 2633 284 2697 vi
313 2631 491 2697 notandum
525 2638 573 2697 cst
606 2630 693 2714 apud
722 2631 893 2695 Homerum
924 2631 1052 2712 quidem
1080 2630 1164 2712 μετά
1192 2634 1380 2716 plerumque

249 2750 323 2795 cum
347 2729 466 2814 plurali
487 2748 620 2793 numero
636 2730 687 2792 vel
711 2728 866 2810 singulari
890 2730 1028 2794 nominis
1044 2729 1202 2794 collectivi
1219 2731 1378 2812 coniungi,

248 2828 295 2892 ita
324 2835 359 2892 ut
389 2827 485 2893 etiam
508 2827 548 2892 ab
579 2827 640 2891 hac
669 2832 760 2908 parte
782 2826 908 2891 eluceat
936 2824 1019 2905 μετά
1048 2826 1176 2910 proprie
1199 2826 1379 2908 significare

248 2924 518 3005 coniunctionem,
543 2943 606 3005 qna
629 2924 699 3004 quis
720 2923 830 2988 inter·
852 2924 934 2988 alios
957 2924 1128 3005 recipiatur
1149 2925 1202 2988 vel
1224 2928 1378 2990 versetur.

248 3020 332 3087 lnde
348 3022 514 3087 derivatur
529 3022 595 3086 alia
615 3019 814 3102 significatio,
837 3021 870 3085 in
888 3041 981 3104 quarn
1005 3022 1085 3085 hacc
1100 3021 1214 3101 regula
1230 3019 1377 3084 nimirum

249 3140 315 3184 non
339 3118 440 3202 cadit;
464 3139 539 3184 nam
562 3118 722 3200 quoniam,
747 3119 773 3183 si
794 3118 928 3184 dicimus
951 3117 1089 3199 ’ἔρχομαι
1111 3115 1194 3198 μετά
1216 3140 1258 3194 τι,
1283 3118 1377 3184 simul

246 3216 411 3282 indicatur
434 3217 601 3282 consilium
624 3218 669 3281 rei
692 3217 921 3300 capessendae,
946 3216 1053 3280 omnia
1075 3215 1257 3281 huiusmodi
1279 3215 1379 3281 verba

246 3313 441 3398 saepissime
469 3334 597 3398 prorsus
626 3314 691 3378 vim
720 3315 820 3379 nostri
844 3313 934 3378 verbi
965 3314 1105 3390 „holen“
1135 3313 1312 3397 accipiunt,
1340 3333 1379 3379 ac

247 3418 316 3476 tum
340 3411 461 3493 optimo
484 3413 550 3477 iure
574 3411 670 3478 etiam
693 3431 763 3476 cum
792 3411 947 3493 singulari
977 3431 1110 3476 numero
1134 3413 1377 3494 coniunguntur,

247 3516 282 3574 ut
317 3508 408 3574 hisce
444 3508 538 3574 locis:
578 3533 598 3571 α
633 3512 692 3573 184
726 3506 822 3572 πλεῖν
854 3506 938 3588 μετὰ
969 3506 1106 3590 poderem
1140 3513 1162 3589 β
1198 3512 1258 3573 308
1295 3507 1378 3590 μετὰ

247 3605 381 3687 πατρὸς
411 3597 531 3691 ἀκουὴν
566 3605 729 3688 {artoptam
759 3607 905 3691 apposito
935 3607 1102 3689 participio
1133 3611 1168 3667 N
1188 3609 1265 3670 247:
1294 3605 1378 3686 μετὰ

247 3699 310 3787 γὰρ
349 3699 429 3783 δόρυ
465 3699 518 3787 ᾔει
547 3701 734 3784 σι’σὸμενσς;
771 3704 789 3780 ξ
816 3709 878 3767 415
919 3699 1019 3786 ᾤχετο
1055 3701 1261 3781 πευσόμενος
1294 3700 1377 3781 μετὰ

247 3800 308 3865 cdv
330 3797 435 3876 κλέος.
481 3801 573 3866 Hanc
601 3808 707 3866 autem
736 3802 900 3884 excipiunt
921 3801 1007 3866 aliae
1030 3799 1188 3882 quaedam
1217 3797 1378 3879 significa·

245 3901 353 3966 tiones
387 3897 508 3980 optime
544 3897 755 3982 explicandae
789 3900 941 3980 analogia
975 3897 1074 3962 nostri
1106 3895 1251 3960 adverbii
1281 3895 1378 3968 oncle,-

246 3996 330 4063 sicut
354 3995 439 4061 enim
462 3996 538 4078 hoc,
562 3995 647 4078 quod
662 3995 840 4079 cognatum
855 4013 926 4060 esse
945 4000 1079 4076 apparet
1103 3991 1263 4058 adiectivo
1286 3990 1376 4065 riche,

319 4176 340 4242 ⁴)
358 4175 433 4229 Haec
452 4177 494 4228 est
510 4174 591 4230 lectio
609 4174 763 4229 Aristarchi
780 4175 838 4229 sine
856 4173 938 4228 dubio
956 4187 1027 4237 vera,
1047 4171 1081 4225 of.
1101 4171 1185 4226 schol.
1204 4171 1242 4224 A:
1263 4168 1308 4221 διὰ
1327 4172 1376 4222 τοῦ

250 4276 267 4307 ν
284 4253 351 4326 μεθ’
373 4253 484 4327 ὅμιλον·
508 4254 584 4323 παρὰ
609 4255 638 4308 δὲ
657 4253 804 4324 Ζηνοδότῳ
828 4255 896 4324 μεθ’
922 4251 1034 4322 ὁμίλου·
1059 4252 1103 4303 καὶ
1128 4251 1214 4320 λόγον
1237 4248 1292 4319 ἔχει
1316 4245 1378 4303 ἀντὶ

253 4339 300 4390 τοῦ
317 4333 368 4397 ἔξω
385 4334 489 4407 ὁμίλου,

304 4420 413 4470 enarras,
428 4421 520 4463 Studien
534 4422 572 4464 IX.
1155 4421 1171 4472 9
