3442 5359
298 741 361 803 132
760 776 762 780 ι
819 742 918 796 Fuuok

299 917 480 995 lescebant,
511 935 568 997 pro
596 914 636 980 iis
658 916 758 980 verba
787 913 946 996 simplicia
974 913 1124 996 apposita
1151 910 1235 993 μετά
1262 911 1404 996 praeposi·

248 1076 251 1080 .
300 1016 389 1079 tione
422 1033 493 1078 cum
527 1012 676 1095 genetivo
711 1018 867 1095 usurpata
901 1011 1047 1094 legimus.
1097 1012 1286 1094 Antiquiore
1317 1016 1403 1075 auam

299 1118 459 1193 tempore,
485 1110 624 1175 maxime
646 1111 679 1174 iu
702 1108 897 1175 carminibus
919 1108 1095 1174 Homericis
1117 1108 1199 1175 haec
1220 1109 1320 1175 verba
1340 1127 1406 1173 com·

300 1209 406 1293 posita
434 1208 643 1273 usitatissima
671 1216 745 1273 sunt
774 1227 812 1272 ac
839 1208 1029 1290 plerumque
1056 1207 1103 1271 ita
1133 1213 1208 1272 sunt
1229 1212 1405 1290 comparata,

300 1314 335 1372 ut
362 1305 489 1372 dativus
511 1304 655 1371 adiectus
677 1325 712 1371 re
735 1325 812 1370 vera
834 1305 956 1369 notioni
979 1304 1070 1370 verbi
1092 1306 1331 1388 praepositione
1355 1323 1407 1368 mu·

300 1411 386 1471 tatae
409 1404 580 1483 debeatur,
609 1423 675 1468 non
698 1401 810 1468 eadem
833 1402 866 1465 vi
892 1403 956 1465 iarn
980 1421 1051 1466 cum
1074 1401 1211 1484 simplici
1233 1404 1330 1469 verbo
1351 1421 1407 1466 eon·

300 1502 425 1591 iunctus
447 1503 582 1584 legatur.
627 1501 793 1565 Pertinent
821 1501 884 1564 huc
904 1505 980 1563 ante
1002 1498 1111 1563 omnia
1132 1501 1234 1566 verba
1261 1497 1407 1582 loquendi,

300 1606 479 1682 quaesunt
501 1599 597 1664 haec:
619 1595 906 1679 μεταγορεόω;
928 1593 1149 1677 μεταοδάω
1171 1601 1193 1660 Ι
1216 1601 1271 1681 16;
1300 1592 1408 1676 μετά·

302 1720 406 1781 φημι
432 1701 463 1759 Β
486 1701 564 1762 411:
593 1699 701 1759 τοῖσιν
732 1690 764 1758 δ’
794 1688 966 1777 εὐχόμενος
993 1698 1118 1778 μετέφη
1148 1700 1266 1779 κρείων
1286 1689 1408 1776 Ἀγαμέ-

299 1797 457 1875 μνωνςθ
491 1796 568 1876 132;
597 1796 856 1877 μεταφωνέω
886 1797 914 1854 Σ
942 1795 1020 1873 323;
1055 1814 1083 1855 π
1112 1797 1191 1874 354;
1224 1801 1408 1874 μετεῖποι

300 1894 330 1953 Β
352 1894 430 1956 336;
467 1895 557 1955 τοῖσι
588 1888 624 1956 δὲ
651 1888 707 1954 καὶ
734 1894 889 1968 μετέειπε
916 1888 1073 1972 Γερήνιος
1108 1888 1243 1955 ἵπποτα
1272 1888 1409 1968 Nicaea,

302 1993 324 2070 β
345 1992 423 2070 4119;
452 1990 528 2053 Hes.
551 1989 674 2070 Theog.
698 1991 775 2052 643:
806 1985 845 2072 δὴ
869 1985 945 2052 τότε
966 1996 1038 2064 τοῖς
1059 1991 1214 2068 μετέειπε
1236 1987 1346 2074 πατὴρ
1367 1979 1411 2050 όν-

300 2086 386 2166 δρῶν
402 2109 437 2150 τε
455 2087 545 2150 θεῶν
560 2109 611 2168 τες
636 2084 857 2168 μεταφράζ
864 2107 881 2147 ο
888 2109 962 2165 μαι
985 2094 1098 2162 ,uuter
1120 2085 1187 2151 sich
1207 2085 1410 2169 besprecheu¹‘

299 2185 338 2246 A
362 2187 437 2248 140:
470 2177 544 2246 ἀλλ’
574 2170 669 2267 ἦτοι
692 2181 752 2263 μέν
774 2184 879 2245 ταῦτα
901 2180 1212 2267 μεταφρασόμεσθα
1246 2181 1302 2247 καὶ
1324 2170 1410 2255 αδτις.

302 2281 392 2359 Quae
408 2281 507 2345 verba
530 2281 591 2346 nisi
615 2281 643 2346 si
658 2280 805 2347 absolute
821 2279 1025 2345 dicuntur-
1041 2280 1127 2363 quod
1142 2281 1197 2345 ubi
1213 2279 1247 2344 lit
1262 2281 1356 2347 facile
1368 2279 1410 2344 da

302 2379 386 2443 tivus
409 2379 502 2443 simul
526 2377 655 2442 auditur
671 2378 721 2445 toi.
738 2382 775 2440 H
790 2381 849 2460 943
875 2381 904 2441 Θ
921 2382 977 2462 311;
1000 2382 1021 2440 Ι
1035 2382 1093 2458 31;
1117 2402 1135 2462 η
1155 2382 1230 2460 1553
1256 2403 1274 2440 v
1291 2383 1362 2452 321)
1380 2409 1412 2423 ·-

301 2495 428 2560 semper
453 2475 581 2540 dativus
603 2475 737 2557 pluralis
759 2475 885 2540 numeri
908 2477 954 2540 eis
976 2473 1120 2540 adiectus
1143 2482 1207 2557 est,
1239 2482 1272 2540 et
1294 2474 1320 2539 si
1342 2480 1413 2540 recte

301 2573 347 2637 sic
370 2573 567 2656 explicamus
596 2591 653 2648 ,er
674 2572 789 2654 sprach
818 2580 912 2637 unter·
934 2573 1065 2651 ihnen“,
1088 2591 1130 2637 ne
1151 2572 1174 2636 ii
1204 2573 1333 2653 quidem
1354 2571 1413 2648 loci,

301 2669 356 2733 ubi
378 2690 460 2735 unus
483 2677 605 2742 tantum
628 2670 826 2753 appellatur,
850 2675 885 2734 ut
908 2673 937 2732 B
959 2673 1032 2748 411,
1054 2673 1086 2730 A
1110 2673 1169 2734 153
1192 2679 1265 2744 τοῖς
1287 2674 1413 2752 μετέφη·

302 2766 379 2850 φίλε
394 2773 567 2852 κασίγνητε
582 2766 656 2844 aad,
685 2773 716 2833 T
729 2771 768 2831 55
790 2769 881 2829 τοῖσι
900 2771 1040 2850 μετέφη·
1062 2758 1215 2848 Ἀτρείδη
1231 2766 1306 2844 aad„
1330 2769 1414 2834 offen·

229 2919 232 2924 .
302 2865 424 2930 sionem
447 2867 612 2949 praebent,
637 2883 719 2947 quae
740 2865 927 2929 Passovium
950 2864 1036 2930 male
1057 2863 1170 2928 habuit
1193 2864 1244 2935 (ol.
1268 2867 1332 2931 lex.
1354 2887 1377 2930 s.
1390 2883 1413 2926 v.

301 2960 499 3047 μετάφημι),
530 2964 584 3046 qui
612 2983 724 3046 parurn
750 2962 861 3027 dentre
884 2962 979 3027 vertit
1007 2981 1068 3038 ,zu
1090 2960 1211 3025 ihnen“
1233 2962 1341 3045 itaque
1362 2961 1415 3027 illis

301 3059 379 3124 locis
412 3071 521 3124 τοῖσιν
559 3060 837 3126 instrumentalem
871 3078 943 3124 esse
974 3058 1076 3122 voluit
1114 3056 1280 3125 intellecto
1317 3060 1415 3126 dativo

303 3155 417 3220 ἐ’πεοιν
441 3160 492 3224 vel
515 3156 717 3238 pidorocvd.
762 3157 834 3222 Uno
857 3163 981 3220 tantum
1003 3157 1073 3219 loco
1097 3152 1266 3219 Homerico
1290 3177 1307 3222 e
1330 3157 1416 3225 verbo

300 3255 454 3336 loquendi
476 3256 692 3321 accusativum
721 3273 894 3337 personae,
925 3273 1020 3336 quam
1043 3250 1113 3335 quis
1142 3251 1343 3338 adloquitur,
1371 3255 1418 3319 ha·

301 3350 413 3415 bemus
435 3354 647 3434 pendentem,
677 3355 707 3414 B
730 3355 791 3416 795
821 3352 867 3434 τῷ
890 3375 947 3430 μιν
977 3349 1147 3431 ἐεισαμένη
1170 3354 1297 3435 μετέφη
1320 3351 1418 3424 πόδας

302 3447 387 3510 ὠκέα
404 3434 495 3528 Ἰρις,
521 3469 654 3532 quocum
678 3448 872 3515 conferenda
895 3456 969 3514 sunt
990 3449 1051 3529 Ap.
1075 3445 1178 3510 Rhod.
1201 3452 1224 3529 ,l
1247 3453 1289 3514 54
1314 3447 1370 3514 τόν
1390 3439 1416 3531 ν’

302 3542 455 3609 ἐπέεσσιν
479 3541 720 3631 όπερφίαλοισι
742 3543 896 3630 μετηύδα,
922 3570 942 3609 α
958 3550 1020 3611 7112
1039 3537 1183 3627 Ἰφινόην
1204 3547 1418 3632 postomniaco,

301 3642 359 3707 sed
382 3663 464 3708 cum·
482 3644 578 3709 etiam
607 3643 766 3725 simplicia
789 3644 889 3710 verba
919 3643 1047 3710 dicendi
1070 3645 1290 3715 accusativum
1311 3646 1358 3710 ita
1377 3661 1426 3713 ac.

301 3740 484 3823 cipiendum
513 3761 626 3823 regere
659 3741 782 3823 possint
817 3745 858 3819 (φ
888 3744 945 3806 91;
975 3739 1214 3824 ποτιδέγμενος
1251 3741 1285 3806 εἴ
1310 3745 1344 3806 τί
1371 3764 1418 3823 μιν

370 3946 390 4006 ⁵)
408 3942 461 3994 Vix
477 3946 648 4004 tamencum
666 3940 833 3996 Mommseno
858 3940 971 4005 faciam,
996 3941 1044 4008 qui
1067 3942 1147 3995 etiam
1168 3940 1291 3997 dativum
1313 3937 1419 4010 simplici

301 4023 383 4075 verbo
411 4017 488 4074 εἷπον
523 4021 643 4076 additum
676 4038 725 4090 pro
753 4021 871 4076 locativo
898 4021 1087 4088 accipiendum
1116 4037 1177 4078 esse
1208 4021 1274 4077 dicit
1304 4029 1340 4092 lp.
1366 4024 1417 4084 28)3

299 4118 361 4156 nam
380 4117 543 4173 quamquam
567 4118 632 4156 sane
654 4103 791 4157 nonnullis
815 4103 882 4156 locis
906 4103 941 4156 ab
965 4117 997 4155 eo
1021 4103 1111 4158 allatis
1134 4101 1240 4158 dativus
1257 4102 1319 4157 aliis
1338 4099 1417 4157 verbis

299 4183 420 4237 adiectus
445 4185 489 4238 vix
513 4184 591 4237 aliter
612 4183 733 4250 intellegi
756 4187 861 4250 potest,
885 4185 976 4235 tamen
995 4198 1044 4235 cur
1067 4187 1155 4234 τοῖσιν
1179 4179 1416 4238 {cantaverimus

303 4278 347 4323 „er
368 4263 468 4331 sprach
491 4263 535 4317 bei
558 4263 656 4316 ihnen“
679 4267 707 4318 ct
730 4279 784 4317 non
809 4277 855 4321 „er
877 4267 953 4330 sagte
970 4261 1078 4328 ihnen“‚
1100 4263 1223 4332 equidem
1241 4279 1352 4319 causam
1369 4275 1416 4316 non

303 4340 388 4398 tideo.
