3442 5359
679 717 712 771 de
729 716 928 786 praepositione
944 717 1038 785 μετά.’
1361 716 1420 776 157

296 888 385 954 detur
408 907 482 955 esse
511 888 629 955 radicis
658 888 707 965 (oi.
729 887 854 957 Curtius
878 887 989 954 (ἔασι.4
1018 910 1049 972 p.
1076 892 1147 964 188)
1178 889 1327 972 quodque
1356 911 1421 956 non

296 993 468 1070 usurpatur
495 986 583 1071 apud
612 993 725 1071 poetas
747 987 903 1070 tragicos,
934 987 1063 1070 saepius
1085 988 1119 1050 in
1140 1007 1237 1069 prosa
1259 987 1420 1055 oratioue:

297 1084 427 1167 Antiph.
449 1090 521 1150 totu.
545 1088 582 1148 A.
605 1084 659 1166 IV,
687 1087 742 1166 12;
773 1082 804 1148 d.
835 1083 924 1148 oaed.
949 1083 1023 1150 Her.
1046 1088 1085 1148 91
1112 1080 1150 1147 τὸ
1172 1093 1344 1164 μετανοεῖν
1367 1087 1420 1151 καὶ

295 1183 417 1263 γνῶναι
440 1177 721 1264 ἐξαμαρτηκότας;
744 1188 858 1264 postea
874 1181 970 1247 etiam
986 1181 1188 1246 coniunctum
1211 1181 1328 1264 legitur
1350 1203 1420 1248 oum

297 1275 352 1342 ἐπί
374 1299 402 1344 o.
426 1277 510 1361 dat,
534 1283 613 1361 περί
635 1299 661 1344 o.
685 1298 775 1361 gen,
800 1280 870 1343 solo
894 1278 1021 1362 dativo3
1044 1278 1131 1362 apud
1153 1278 1238 1344 Xen.
1255 1278 1371 1364 Cyrop.
1395 1282 1420 1359 1,

300 1381 332 1455 1,
355 1380 374 1441 3
405 1377 551 1458 sequitur
572 1376 617 1460 μή
641 1383 672 1443 et
687 1375 911 1441 ooniunotivus
933 1381 959 1453 („
967 1377 1134 1442 eonsilium
1150 1377 1252 1459 capio,
1279 1397 1321 1444 ne
1343 1378 1420 1461 quid

297 1471 393 1551 fiat“).
432 1471 611 1559 Opponitur
626 1473 760 1540 verbum
782 1482 954 1554 μετανοεῖν
974 1475 1060 1557 apud
1077 1474 1301 1556 Epicharmum
1318 1475 1419 1549 (Stob.
1505 1516 1510 1526 ·

297 1570 386 1636 floril.
409 1572 436 1653 Ι,
463 1572 513 1648 14)
536 1573 634 1639 verbo
658 1575 823 1654 προνοεῖν,
847 1570 906 1637 sed
927 1572 1036 1637 neseio
1059 1593 1101 1636 an
1127 1573 1187 1637 hoe
1209 1571 1298 1636 verbi
1320 1597 1420 1653 μετα-

297 1678 382 1734 νοεῖν
414 1670 598 1752 exemplum
628 1691 692 1737 non
726 1668 916 1752 antiquioris
948 1690 1024 1735 usus
1052 1669 1222 1752 vestigium
1255 1670 1419 1754 praebeat,

297 1767 351 1834 sed
374 1767 482 1850 potius
503 1768 566 1851 ipsi
588 1769 736 1852 opposito
757 1768 856 1832 verbo
879 1770 1036 1848 προνοεῖν
1060 1766 1223 1832 debeatur.

380 1863 482 1930 Vides
503 1864 601 1946 igitur
623 1866 655 1931 in
672 1865 778 1931 verbis
800 1865 906 1930 adhue
929 1865 1073 1930 traotatis
1090 1864 1228 1947 vestigia
1250 1864 1328 1930 satis
1350 1884 1421 1948 per·

298 1963 407 2046 spioua
430 1963 498 2028 eius
520 1981 603 2044 quae
627 1969 675 2029 est
697 1963 827 2046 propria
849 1962 995 2027 adverbii
1013 1961 1101 2026 notio
1117 1967 1253 2028 exstare.
1279 1963 1328 2032 ,In
1350 1984 1419 2048 per·

297 2060 404 2125 multis
426 2077 503 2124 vero
532 2058 605 2125 aliis
626 2079 666 2126 ea
688 2061 752 2124 iam
775 2061 876 2124 multo
906 2059 1009 2141 magis
1038 2058 1208 2124 obscurata
1238 2065 1322 2125 sunt.
1366 2063 1421 2126 At·

298 2165 404 2222 umen
435 2175 478 2222 ne
506 2176 604 2222 unum
634 2155 763 2238 quidem
786 2156 975 2222 Homericae
997 2163 1053 2222 aut
1078 2157 1207 2223 omnino
1230 2157 1419 2240 antiquioris

298 2253 413 2320 aetatis
435 2253 567 2320 verbum
598 2260 718 2334 exstat,
750 2253 835 2336 quod
856 2274 922 2319 non
944 2253 1040 2320 iaeile
1063 2254 1109 2319 ita
1131 2253 1285 2337 explicari
1308 2256 1418 2339 possit.

297 2349 390 2430 Quod
412 2369 489 2416 vere
512 2351 628 2415 dietum
652 2369 724 2417 esse
747 2349 907 2416 doeebunt
929 2359 1036 2418 oetera
1061 2351 1155 2416 huius
1178 2351 1419 2434 significationis

298 2449 448 2531 exempla
469 2447 654 2530 Homerioa,
685 2467 769 2530 quae
796 2467 882 2513 nuno
903 2447 949 2515 ita
971 2449 1182 2531 enumerabo,
1212 2456 1247 2513 ut
1269 2469 1340 2514 oum
1362 2452 1420 2516 ali-

274 2557 385 2612 'orum
420 2546 609 2629 scriptorum
644 2544 803 2628 quaedam
844 2547 995 2630 exempla
1026 2547 1185 2612 ascribam
1225 2554 1292 2612 tum
1326 2549 1420 2614 Euri·

296 2643 401 2728 pidea.
434 2680 446 2722 ¹.

380 2737 663 2824 prorumpimus
693 2740 929 2817 „umwenden“
958 2747 997 2804 A
1027 2744 1106 2824 5953
1141 2742 1169 2806 0
1200 2745 1279 2825 5913
1312 2746 1419 2807 Ρ114
1505 2764 1508 2771 ’

298 2841 356 2924 στῆ
388 2836 426 2904 δὲ
454 2843 737 2922 μεταστρεφθείςς
770 2841 800 2903 Θ
823 2842 903 2916 253;
933 2844 973 2901 A
994 2844 1074 2922 4473
1104 2838 1207 2921 magis
1233 2839 1276 2904 ad
1305 2840 1419 2922 prinoi-

296 2938 404 3020 palem
427 2933 692 3018 significationem
714 2935 838 3002 aooedit
860 2937 1054 3019 exemplum,
1077 2936 1162 3019 quod
1184 2937 1301 3019 legitur
1328 2939 1355 3001 O
1378 2941 1419 3003 52

295 3037 341 3120 τῷ
364 3058 401 3099 κε
422 3030 620 3099 Ποσειδάων
643 3056 679 3115 με
700 3031 756 3098 καὶ
777 3031 806 3098 εἰ
828 3028 918 3114 μάλα
940 3030 1096 3113 βούλεται
1118 3030 1218 3119 ἄλλῃ,
1251 3025 1340 3112 αἶψα
1361 3059 1419 3116 με·

295 3129 496 3213 ταστρέψειε
518 3127 595 3195 νόον
614 3129 698 3213 μετὰ
721 3129 780 3195 σὸν
803 3133 857 3196 καὶ
881 3128 959 3212 ἐμὸν
981 3133 1052 3215 κῆρ,
1075 3132 1130 3196 ubi
1145 3131 1201 3196 vix
1215 3132 1315 3197 verba
1336 3131 1420 3213 μετὰ

296 3279 368 3295 ...
397 3236 460 3316 κῆρ
489 3228 589 3294 artius
618 3248 690 3294 eum
719 3225 959 3311 μεταστρέψειε
987 3229 1213 3311 coniungenda
1240 3235 1331 3311 sunt,
1361 3229 1420 3295 sed

295 3328 401 3412 potius
423 3327 469 3393 sio
492 3326 702 3409 explicanda:
732 3325 882 3403 „deinem
911 3348 941 3392 u.
968 3326 1107 3392 meinem
1129 3325 1248 3392 Wilieu
1271 3332 1419 3408 ἔσωσεν

295 3422 597 3504 fiseoundum‘m
629 3425 703 3490 Eur.
734 3424 851 3489 Baeeh.
885 3426 965 3488 1330
1002 3416 1080 3506 ὁρᾷς
1113 3420 1194 3503 τᾶμ’
1227 3418 1295 3508 ὅσῳ
1325 3447 1420 3505 μετε-

296 3523 446 3607 στράφης
469 3519 509 3586 of.
526 3518 735 3588 Chaeremon.
758 3521 795 3585 ir.
816 3525 853 3585 19
878 3515 1012 3585 ἅπαντα
1034 3522 1107 3605 νικᾷ
1127 3523 1179 3586 καὶ
1196 3519 1419 3606 μεταστρέφει

295 3617 382 3703 τύχη.
424 3619 475 3684 De
496 3616 700 3684 intransitive
722 3619 811 3684 voois
831 3638 892 3684 usu
913 3637 1018 3701 neque
1045 3618 1150 3684 0203
1173 3619 1315 3702 cogitare
1337 3620 1419 3700 lieet,

296 3718 350 3782 ubi
378 3716 497 3799 legitur
526 3714 621 3779 τόνδε
651 3713 742 3800 φέρω
764 3713 824 3781 Διὶ
854 3717 965 3798 μῦθον
989 3707 1117 3799 ἀπηνέα
1139 3740 1175 3780 τε
1196 3715 1351 3798 κρατερόν
1373 3741 1418 3798 τε,

296 3801 314 3898 ἦ
336 3838 371 3878 τι
393 3810 645 3895 μεταστρέψεις,
668 3833 773 3895 neque
795 3819 817 3895 β
839 3817 880 3878 67
903 3813 995 3878 θεῶν
1025 3805 1059 3875 δ’
1090 3807 1290 3878 ὑποδείσατε
1311 3814 1417 3895 μῆνιν,

296 3909 340 3994 μή
362 3935 397 3975 τι
419 3913 676 3992 μετασρέψιοσιν
692 3907 919 3993 ἀγασσάμενοι
933 3909 1016 3974 κακὰ
1040 3911 1134 3992 ἔργα;
1157 3931 1232 3975 nam
1255 3911 1306 3975 hio
1329 3909 1417 3992 ἔργα,

296 4010 362 4074 illie
388 4009 501 4090 μῦθον
525 4011 566 4084 (v.
590 4010 663 4084 202)
692 4009 789 4073 etiam
819 4008 1017 4074 adverbum
1046 4008 1262 4092 preteritosque
1291 4009 1420 4075 trahen-

299 4105 373 4171 dum
396 4112 455 4171 est.
494 4104 734 4171 substantivum
758 4107 798 4171 ab
821 4106 884 4170 hae
901 4104 1000 4189 stirpe
1021 4105 1189 4170 formatum
1205 4104 1418 4190 μεταστροφὴ

298 4202 415 4286 legitur
436 4201 524 4285 apud
546 4203 713 4268 Platonem
736 4222 803 4286 rep.
827 4203 889 4272 VII
910 4224 942 4286 p.
966 4201 1079 4285 52503
1102 4203 1208 4267 5323.

381 4296 637 4383 μετατρὲπω
671 4305 865 4377 „eonverto“
895 4303 932 4363 A
965 4303 1024 4364 199
1054 4299 1228 4385 θάμβησεν
1265 4297 1299 4364 ὁ)
1328 4298 1420 4383 Ἀχι-
