3442 5359
606 729 639 783 rie
655 729 855 798 praepositione
873 726 951 798 μετά.
1285 725 1346 789 163

268 902 404 985 ›mpositis
431 901 596 966 vocabulis
625 902 800 984 posteriore
828 908 973 984 tempore
1005 920 1110 984 pauca
1142 908 1265 966 tantum
1291 920 1347 967 ve-

268 999 321 1082 igiu
339 1001 371 1064 in
394 1000 504 1064 verbis
525 1002 686 1079 μετέχειν,
713 996 977 1081 μεταλαμβάνειν
1006 998 1228 1082 similibusque
1254 1005 1285 1065 ei
1314 999 1345 1062 in

268 1097 402 1163 >minibus
425 1097 560 1178 talibus,
589 1098 698 1180 qualia
720 1104 794 1164 sunt
815 1100 1021 1178 μεταίχμνος,
1045 1094 1259 1178 μεταμάζιος,
1282 1115 1346 1161 ser·

268 1201 302 1260 tta
325 1202 440 1276 essent,
471 1214 525 1276 ca,
559 1214 641 1276 quae
673 1196 707 1261 in
739 1193 916 1278 posteriore
945 1195 1221 1260 commentationis
1255 1200 1346 1276 parte

268 1292 323 1357 imo
344 1295 413 1359 loco
437 1293 543 1376 posui,
570 1293 670 1358 verba
692 1293 769 1358 inde
791 1311 831 1357 ex
854 1291 984 1355 Homeri
1007 1291 1200 1357 carminibus
1222 1311 1279 1374 per
1301 1299 1346 1355 to·

268 1411 293 1454 n
321 1390 534 1457 Graecitatem
571 1389 649 1456 satis
682 1390 801 1455 usitata
836 1396 1066 1455 remanserunt.
1121 1389 1272 1455 Attamen
1303 1408 1346 1454 ne

268 1507 329 1552 uum
361 1487 492 1570 quidem
524 1506 674 1553 numerus
707 1507 844 1568 magnus
877 1493 962 1569 orat3
995 1488 1095 1551 multo
1129 1486 1345 1570 frequentiora

268 1584 327 1650 ttioa
346 1586 475 1668 quidem
497 1592 603 1651 aetate
626 1604 665 1651 ea
679 1586 779 1651 verba
800 1583 886 1649 iacta
907 1589 991 1662 sunt,
1015 1603 1097 1666 quae
1119 1583 1233 1649 miram
1254 1583 1345 1647 illam

268 1683 363 1747 utendi
395 1683 558 1749 notionem
589 1682 752 1748 exhibent.
804 1682 863 1747 Est
891 1680 951 1746 hoc
979 1701 1058 1748 sane
1087 1682 1165 1747 satis
1192 1680 1343 1758 notabile,

268 1776 289 1842 ul
306 1780 432 1846 minime
463 1801 536 1846 raro
558 1780 592 1846 in
621 1780 740 1863 linguis
770 1778 837 1844 tieri
861 1778 1069 1861 conspicitur,
1093 1786 1128 1843 ut
1149 1797 1260 1859 voces,
1283 1797 1345 1859 quo

268 1877 324 1960 agis
344 1878 530 1962 principalis
554 1898 662 1945 carum
686 1875 875 1960 significatio
897 1875 1067 1942 inflectitur
1094 1884 1126 1943 et
1148 1875 1345 1955 obscuratur,

268 1974 486 2058 »frequentius
514 1976 549 2040 in
580 1995 672 2042 usum
706 1973 869 2039 hominum
903 1974 1100 2055 loquentium
1132 1971 1347 2038 adhibeantur

268 2071 326 2153 tris,
347 2093 429 2156 quae
452 2074 579 2139 interim
603 2079 734 2138 exortae
756 2081 839 2151 sunt,
862 2071 1048 2158 notionibus
1067 2070 1210 2136 indutae.

310 2169 494 2254 Ubicunque
527 2178 634 2237 autem
669 2170 757 2236 vorbi
792 2170 983 2234 constructio
1015 2169 1170 2236 adverbio
1203 2166 1345 2252 praefixo

270 2262 295 2328 ia
314 2275 355 2332 est
382 2268 483 2350 iacta,
509 2268 592 2332 hanc
622 2267 831 2333 mutationem
859 2273 981 2332 mutata
1009 2268 1110 2351 ipsius
1131 2265 1220 2332 verbi
1250 2264 1346 2348 signi-

268 2362 368 2432 ratione
403 2366 551 2432 effectam
585 2385 656 2432 esse
688 2386 728 2432 ex
761 2365 923 2446 omnibus,
962 2384 1044 2448 quae
1077 2363 1241 2448 proposita
1272 2369 1347 2428 sunt

268 2463 381 2547 templa,
404 2463 581 2530 clarissime
604 2465 730 2530 elucere
751 2463 829 2528 mihi
852 2462 988 2529 videtur.
