3442 5359
618 713 650 768 de
667 713 870 782 praepositione
887 709 965 782 μετά.
1301 705 1361 769 137

234 882 324 951 εστί
358 891 431 966 μοί
468 907 599 963 τινος,
636 887 669 950 in
699 905 760 968 quc
793 887 963 969 genetivus
996 906 1075 952 sane
1104 904 1233 969 prorsus
1262 883 1359 949 aliam

233 985 297 1050 vim
321 984 422 1050 habai
442 993 539 1066 atque
560 985 587 1050 si
611 984 726 1049 dicitur
748 982 875 1066 πατρὸς
904 981 936 1046 ‹i'
968 976 1034 1063 εἴμ’
1060 979 1206 1065 ἀγαθοῖο
1232 989 1263 1046 Φ
1290 985 1359 1064 109,

233 1085 286 1149 vel
314 1083 374 1168 τῆς
403 1074 506 1166 αὐτῆς
533 1079 662 1164 γνώμης
686 1075 770 1147 εἶναι
792 1083 906 1159 (Thus.
929 1084 960 1162 Ι,
987 1085 1058 1153 113)
1087 1082 1139 1147 vel
1169 1083 1228 1168 τῆς
1257 1076 1289 1145 δ’
1322 1067 1360 1167 ἦν

233 1188 323 1264 τρεῖς
344 1177 491 1264 κεφαλαί
513 1180 599 1253 (Ηοε.
623 1181 745 1263 Thecg.
770 1185 843 1257 321)
871 1182 922 1246 vel
946 1200 1165 1264 quemcunque
1187 1181 1286 1245 alium
1308 1197 1361 1261 ge·

232 1279 380 1345 nctivnm
403 1297 475 1343 cum
497 1278 595 1342 verbo
626 1269 711 1342 εἶναι
739 1280 880 1345 iunctum
910 1279 1067 1362 ponimus.
1113 1279 1226 1360 ltaque
1252 1282 1360 1355 restat,

233 1383 268 1441 ut
289 1376 476 1458 genetivum
498 1375 572 1458 ipsa
593 1382 709 1441 natura
723 1377 812 1444 verbi
832 1375 1008 1458 compositi,
1016 1374 1185 1458 efflagitari
1207 1374 1360 1453 dicamus,

234 1481 265 1541 ct
286 1475 350 1539 hcc
372 1474 466 1539 unice
487 1492 597 1538 verum
620 1493 691 1540 esse
714 1473 879 1540 confirmat
901 1476 950 1540 vis
972 1475 1216 1554 vocabulorum,
1243 1471 1362 1553 qnippe

234 1570 351 1654 quibus
375 1572 515 1654 aliquem
542 1572 676 1638 alicuius
698 1573 744 1638 rei
767 1573 955 1656 participem
978 1592 1050 1639 esse
1072 1571 1238 1646 indicetur,
1260 1569 1307 1634 ita
1328 1574 1363 1633 ut

233 1670 421 1752 genetivum
444 1669 624 1753 appositum
648 1689 719 1735 esse
742 1671 927 1753 partitivum
942 1676 1192 1736 consentaneum
1212 1668 1261 1733 sit.
1300 1667 1363 1731 Ha·

234 1768 348 1833 bemus
363 1766 460 1850 igitur
481 1766 534 1832 hic
552 1766 689 1833 eundem
704 1769 897 1851 genetivum,
922 1788 1014 1851 quern
1032 1768 1170 1834 everbis
1192 1763 1360 1847 γεύεσθαι,

235 1863 383 1941 ἐσθίειν,
409 1861 608 1941 ἀπολαύειν,
632 1871 817 1945 κοινωνεῖν,
842 1864 1154 1948 συλλαμβάνεσθαι,
1178 1858 1360 1941 ἅπτεσθαι,

236 1960 370 2040 ,σαί-ειν,
395 1958 569 2043 ἀρχεσθαι,
593 1963 750 2030 similibus
772 1973 804 2031 et
825 1984 867 2030 ex
883 1963 1051 2030 adiectivie
1074 1959 1220 2044 ἄμοιρος,
1245 1960 1361 2037 αἴτιος,

235 2055 398 2137 ἀναίτιος,
423 2057 579 2143 ἄγευστος
600 2062 796 2145 pendentem
818 2064 980 2130 videmus:
1008 2062 1048 2126 ci.
1072 2062 1198 2128 Curtius
1220 2061 1362 2126 Gramm.

234 2161 275 2240 ἐξ
297 2163 381 2236 414,
404 2164 439 2242 4,
463 2163 534 2225 419.
579 2161 692 2242 Neque
720 2167 828 2226 tamen
858 2159 1043 2243 negandum
1072 2167 1121 2225 est
1148 2158 1235 2224 haud
1261 2177 1364 2241 pauca

235 2258 407 2323 verborum
430 2276 502 2322 cum
531 2258 690 2340 particula
717 2256 800 2338 μετά
822 2257 1068 2340 compositorum
1098 2256 1161 2321 iam
1190 2262 1363 2338 antequam

236 2363 345 2421 essent
369 2356 554 2437 composita,
577 2374 648 2420 cum
671 2356 783 2422 similis
805 2355 944 2421 notionis
965 2356 1115 2437 genetivo
1137 2355 1288 2438 coniungi
1310 2375 1365 2437 pc·

234 2452 343 2520 tuisse.

322 2551 390 2618 Sed
419 2552 483 2616 iam
511 2550 553 2615 ad
576 2551 647 2635 ipsa
669 2551 770 2616 verba
792 2550 997 2633 accedamus,
1027 2557 1062 2615 ut
1087 2569 1193 2615 eorum
1216 2559 1364 2616 naturam

237 2658 323 2717 recte
353 2669 375 2714 a
396 2649 491 2715 uobis
520 2648 713 2731 descriptam
743 2667 814 2715 esse
844 2649 941 2713 etiam
969 2648 1103 2731 siugulis
1132 2647 1365 2732 perlustrandis

237 2747 399 2831 probetur.
436 2746 531 2830 Apud
548 2746 719 2813 Homerum
741 2766 839 2810 unum
856 2746 986 2810 verbum
1010 2746 1056 2811 ita
1078 2752 1297 2829 comparatum
1319 2745 1365 2808 in-

236 2846 364 2912 venitur
378 2844 509 2925 μεταδ
516 2839 607 2908 αίνυ
614 2867 689 2924 μαι
715 2845 748 2906 Ψ
761 2847 821 2909 207
839 2842 895 2908 ίνα
912 2842 951 2930 δι’,
969 2842 1025 2908 καὶ
1041 2840 1103 2926 ἐγὼ
1118 2841 1365 2924 μεταδαίσομαι

237 2941 334 3025 ἱρῶν,
358 2942 544 3025 genetivum
568 2942 705 3025 simplici
720 2943 820 3008 verbo
845 2942 1010 3020 δαίνυμαι,
1035 2940 1120 3022 quod
1142 2947 1198 3004 aut
1219 2939 1365 3005 absolute

236 3040 376 3125 ponitur,
400 3046 455 3104 aut
470 3059 541 3105 cum
564 3041 747 3105 accusativo
770 3041 981 3122 coniungitur,
1005 3058 1160 3120 nusquam
1184 3037 1365 3120 appositum

237 3139 391 3222 legimus3
421 3144 529 3202 tamen
555 3139 684 3220 saepius
707 3159 725 3204 e
746 3139 853 3205 verbis
876 3138 1032 3204 similibus
1055 3155 1137 3217 quae
1159 3141 1233 3200 suut
1254 3131 1365 3197 πάσα-

238 3242 324 3300 σθαι
347 3235 392 3312 (Ω
418 3239 475 3300 641
503 3238 617 3318 σίτου),
643 3234 780 3317 αίνυμαι
810 3245 835 3303 ίι
859 3240 921 3300 225
944 3232 1076 3315 τυρῶν),
1108 3234 1225 3318 φαγεῖν
1249 3243 1279 3305 (ο
1303 3234 1364 3297 373

236 3339 321 3417 τῶν,
347 3356 360 3395 ι
386 3336 446 3396 102
471 3330 604 3407 λωτοῖο)
631 3333 773 3417 pendere
795 3335 979 3417 genetivum
1001 3335 1070 3398 inre
1092 3331 1215 3397 monuit
1235 3330 1367 3394 Momm-

238 3451 345 3498 seuus.
392 3430 489 3495 Plura
510 3431 597 3515 apud
623 3438 737 3513 poetas
766 3433 885 3516 lyricus
907 3439 1091 3512 ceterosque
1114 3429 1267 3512 deinceps
1288 3429 1366 3495 infe-

237 3529 331 3595 rioris
363 3528 516 3610 temporis
545 3529 717 3613 scriptores
745 3537 872 3596 exstant
900 3530 986 3595 illius
1016 3527 1102 3593 modi
1130 3527 1230 3592 verba
1263 3535 1295 3592 et
1328 3547 1367 3593 ea

239 3624 424 3709 significant
459 3626 636 3708 aliquem
668 3627 849 3693 alicuius
886 3628 944 3693 rei
976 3634 1042 3691 aut
1074 3626 1205 3709 ipsum
1239 3627 1367 3708 parti-

239 3724 369 3808 cipem
392 3740 485 3788 esse
506 3724 571 3790 vel
600 3724 697 3790 fieri
720 3732 787 3790 aut
808 3726 930 3791 alium
953 3723 1198 3807 participem
1220 3723 1367 3788 facere.

238 3821 360 3888 Prioris
382 3820 510 3903 generis
535 3827 583 3887 est
603 3825 777 3902 assigna:
797 3822 891 3888 Pind.
908 3823 966 3906 Py.
983 3823 1025 3902 ΙΙ,
1045 3826 1098 3885 151
1127 3816 1166 3883 od
1189 3819 1221 3883 ci
1243 3822 1366 3899 μετέχω

240 3917 409 4002 θράσεος,
431 3920 598 4001 111101,
621 3920 766 4002 Theogn.
784 3924 846 3985 356
868 3919 951 4002 μηδὲ
971 3910 1053 3999 μεθ’
1080 3912 1190 4003 ἡμέων
1212 3922 1288 3999 βίου
1311 3919 1369 3995 μέ-

239 4041 321 4100 τεχε.
368 4018 444 4082 Eur.
468 4017 564 4100 Hipp.
590 4021 651 4083 730
683 4018 742 4103 τῆς
765 4017 866 4082 νόσου
890 4016 926 4080 δὲ
948 4014 1050 4100 τῆσδέ
1072 4036 1131 4094 μοι
1151 4014 1244 4100 κοινῇ
1266 4037 1367 4094 μετα-

242 4111 328 4196 σχιίν
363 4123 552 4199 σωφρονεῖν
591 4112 800 4200 μαθήσεται,
837 4112 890 4179 Or.
927 4116 1006 4179 1337
1046 4109 1204 4192 μετάσχες
1244 4108 1368 4186 ἱκεσίας

241 4213 366 4296 φίλοις,
390 4231 429 4278 ac
451 4219 619 4296 praeterea
640 4213 673 4276 in
695 4212 813 4279 fabulis
828 4210 1011 4296 Euripideis
1026 4217 1138 4293 quater
1159 4209 1276 4294 legitur
1297 4229 1368 4274 cum

241 4309 394 4394 genetivo
424 4317 458 4376 et
485 4311 594 4377 dativo
623 4310 795 4392 singularis
816 4311 868 4377 vel
898 4308 1032 4394 pluralis
1059 4307 1184 4373 numeri
1213 4308 1368 4374 sociatum
