3442 5359
299 648 359 711 120
820 649 919 703 Funck

297 825 495 906 verbumque
523 823 661 905 simplex
683 821 858 904 composito
880 821 926 885 ita
949 820 1130 903 oppositum
1161 839 1232 888 esse
1259 827 1292 887 ut
1314 839 1393 904 genus

300 923 419 1007 speciei
441 923 527 1000 (Pott
549 921 585 984 Ε.
604 920 638 984 F.
655 919 680 1001 I,
698 922 760 995 21).
799 919 848 982 Ex
871 938 932 1000 quo
955 918 1091 1000 primum
1115 918 1176 984 hoc
1196 919 1393 1002 intellegimus,

300 1039 362 1101 quo
391 1018 487 1084 latius
515 1024 624 1102 pateat
646 1016 733 1082 notio
756 1015 911 1099 simplicis
932 1016 1038 1098 verbi,
1068 1035 1106 1082 eo
1133 1015 1242 1099 plures
1261 1014 1397 1100 praeposi·

299 1117 402 1182 tiones
425 1116 523 1182 verbo
545 1113 677 1199 praefigi
707 1133 803 1197 posse
823 1114 934 1195 itaque
955 1113 1027 1198 ipsa
1048 1120 1165 1179 natura
1186 1111 1399 1198 compositionis

299 1214 416 1279 factum
440 1233 525 1289 esse,
557 1211 665 1295 quod,
682 1231 752 1277 cum
776 1229 803 1276 e.
827 1231 854 1276 c.
885 1209 1020 1292 ἔρχομαι
1042 1230 1113 1277 oum
1136 1212 1292 1294 sedecim,
1313 1205 1400 1275 ποιέω

299 1333 369 1377 cum
385 1309 565 1392 quindecim
589 1309 881 1392 praepositionibus
898 1309 1100 1374 coniunctum
1122 1317 1301 1393 usurpetur,
1320 1305 1402 1375 verbo

299 1404 414 1475 ὗωνόω
437 1416 506 1473 octo
523 1414 647 1473 tantum
670 1405 832 1491 praefixae
854 1407 1070 1472 inveniuntur.
1107 1408 1155 1473 Ac
1178 1428 1273 1491 porro
1290 1409 1406 1490 apparet

300 1505 539 1591 praepositione
572 1504 741 1585 adiuncta,
785 1503 813 1569 si
847 1504 937 1569 verbi
974 1505 1111 1586 amplior
1146 1512 1178 1572 et
1217 1504 1337 1589 plenior
1365 1503 1407 1566 est

299 1605 403 1684 notio,
438 1604 538 1668 multo
566 1602 695 1685 gravius
731 1602 815 1667 hano
842 1601 957 1667 mutari
986 1621 1080 1685 posse
1108 1622 1204 1684 quam
1237 1603 1265 1668 si
1290 1603 1347 1667 iam
1370 1595 1407 1663 ab

299 1701 388 1769 initio
411 1700 648 1784 angustioribus
671 1697 786 1764 finibus
801 1699 1039 1781 circumscripta
1061 1705 1119 1781 est,
1143 1699 1306 1783 quodque
1325 1713 1408 1766 sensu

300 1798 418 1863 dictum
452 1799 508 1879 sit,
545 1798 641 1863 facile
668 1795 855 1879 intelleges,
889 1796 915 1861 si
938 1797 1174 1879 comparaveris
1204 1793 1409 1881 συγγράφω

300 1897 508 1974 „conscribo“
541 1916 613 1961 cum
649 1897 869 1959 σωνανθέω
911 1915 997 1972 ,una
1028 1894 1157 1975 floreo“,
1198 1893 1409 1978 ἒπέρχωμαι

301 1995 513 2076 ,aggredior“
542 2013 612 2057 eum
643 1989 872 2072 ἐπιχωρεύω
902 1992 1014 2068 ,iuxta
1035 1993 1150 2074 salto“,
1180 1993 1306 2059 similia.
1346 1985 1411 2057 uul-

301 2092 388 2173 garis
410 2098 516 2156 autem
539 2088 786 2174 praepositionis
808 2109 877 2154 oum
901 2089 1000 2155 verbo
1029 2090 1209 2156 coniunctio
1239 2112 1278 2158 ea
1298 2097 1356 2173 est,
1380 2089 1412 2149 ut

302 2207 384 2269 quae
406 2187 586 2254 intercedat
607 2187 689 2253 ratio
718 2187 801 2252 inter
828 2187 1005 2253 subiectum
1028 2193 1061 2251 et
1083 2187 1240 2253 obiectum
1263 2190 1326 2254 alio
1345 2200 1411 2254 casu

301 2284 498 2369 appositum,
528 2285 587 2351 illa
612 2284 787 2367 iudicetur;
820 2285 929 2367 itaque
957 2285 1107 2367 quoniam
1135 2286 1413 2370 praepositionibus

302 2383 449 2449 notiones
471 2383 592 2449 locales
613 2383 753 2449 maxime
768 2381 879 2448 variae
893 2381 1122 2464 significantur,
1145 2384 1185 2450 iis
1207 2384 1354 2468 praefixis
1366 2382 1412 2448 aut

302 2481 391 2545 locus
420 2481 484 2556 (vel
507 2484 659 2564 tempus),
689 2501 709 2545 a
738 2501 799 2563 quo
829 2480 1006 2546 subiectum
1038 2479 1192 2546 abscedat
1220 2490 1260 2558 (e.
1284 2503 1311 2549 c.
1332 2474 1411 2549 ἀπό),

302 2583 358 2642 aut
380 2578 412 2641 in
436 2598 497 2660 quo
516 2585 660 2644 versetur
683 2584 722 2655 (e.
738 2597 764 2643 c.
789 2575 845 2654 ἒν),
868 2582 924 2643 aut
946 2597 1007 2660 quo
1030 2597 1065 2643 se
1087 2578 1231 2644 conferat
1252 2584 1292 2659 (e.
1309 2600 1334 2646 c.
1356 2575 1412 2654 εἰς),

302 2675 481 2741 accuratius
510 2676 707 2741 describitur.
751 2676 849 2740 Prout
877 2681 983 2740 autem
1012 2675 1045 2739 in
1074 2683 1125 2740 sat
1147 2697 1265 2760 magno
1294 2691 1412 2762 praepo

302 2774 452 2839 sitiouum
474 2793 605 2839 numero
630 2772 819 2855 significatio
842 2771 997 2853 variatur,
1029 2772 1217 2856 plerumque
1238 2778 1345 2843 verbis
1369 2776 1413 2841 aut

302 2871 470 2953 genetivus
503 2878 558 2937 aut
592 2871 719 2937 dativus
752 2877 808 2935 aut
835 2869 1037 2935 accusativus
1069 2873 1190 2956 apponi
1225 2875 1323 2956 solet,
1355 2889 1412 2939 cun

302 2975 413 3033 contra
440 2970 473 3033 in
502 2970 590 3049 aliis,
620 2969 708 3033 velut
735 2968 845 3048 iniis,
876 2987 1050 3049 quaecum
1079 2969 1235 3036 adverbio
1266 2969 1326 3036 σύν
1352 2972 1415 3038 sunt

302 3067 488 3150 composita,
514 3066 627 3133 eadem
650 3086 778 3149 semper
793 3065 984 3131 constructio
1007 3064 1207 3150 adhibeatur,
1232 3078 1265 3136 et
1287 3070 1342 3135 ubi
1356 3089 1416 3136 con·

301 3164 496 3230 iunctionem
523 3164 587 3229 iam
622 3164 795 3247 perlectam
825 3169 857 3229 et
887 3163 1068 3228 absolutam
1099 3169 1283 3245 (σωνωικὲω)
1313 3176 1346 3233 et
1372 3165 1417 3232 ubi

302 3262 558 3327 coniunctionem
603 3262 674 3345 ipsa
713 3261 840 3326 actione
878 3261 968 3326 verbi
1013 3263 1179 3346 compositi
1224 3263 1417 3332 efficiendam

304 3361 450 3440 (συνχέω)
480 3359 633 3424 iudicent.
677 3359 759 3424 Huic
788 3359 885 3424 classi
911 3359 1007 3441 longe
1029 3361 1167 3443 plurima
1196 3363 1338 3427 omnium
1359 3383 1420 3429 vcr-

303 3456 414 3520 borum
431 3455 676 3539 compositorum
698 3462 772 3522 sunt
786 3457 1001 3539 attribuenda,
1024 3457 1172 3539 equibus
1195 3478 1300 3541 pauca
1314 3461 1421 3527 afferre

303 3553 381 3618 satis
397 3553 472 3617 erit:
495 3546 690 3633 ἀπέρχομαι,
715 3547 902 3636 ἇποκρούω,
924 3553 1037 3636 ἔξειμι,
1054 3551 1224 3631 ἐξελαύνω,
1240 3557 1421 3635 ausoniis),

305 3643 483 3731 ἀναβαίνω,
508 3647 680 3733 elocutio,
705 3648 887 3732 ἐνδέχομαι,
912 3649 1052 3734 σύνειμι,
1076 3649 1215 3734 συνάγω.

389 3748 459 3812 lam
481 3768 557 3814 vero
585 3749 650 3814 alia
675 3750 830 3815 habemus
853 3750 1012 3814 vocabula
1034 3749 1226 3834 composita,
1256 3751 1290 3818 in
1313 3753 1425 3835 quibus

304 3845 498 3933 praepositio
522 3847 652 3912 minime
674 3847 717 3911 ad
739 3847 897 3912 obiectum
920 3846 1052 3929 aliquod
1073 3847 1163 3925 iuxta
1185 3849 1340 3934 positum,
1371 3849 1425 3917 sed

304 3941 346 4007 ad
375 3945 475 4010 solam
498 3945 589 4011 verbi
617 3945 777 4011 notionem
808 3951 941 4028 spectat.
986 3943 1076 4009 Dixit
1104 3946 1144 4011 de
1174 3945 1264 4012 bisce
1290 3949 1425 4014 maxime

304 4040 545 4109 Schoemannus
560 4042 731 4119 (Redethle
752 4064 783 4125 p.
804 4045 887 4120 139),
910 4042 999 4107 cuius
1015 4045 1122 4125 verba,
1146 4049 1181 4108 ut
1203 4062 1287 4125 quae
1309 4047 1426 4128 optime

304 4157 370 4202 rem
393 4140 564 4222 explicent,
589 4160 628 4206 ex
651 4147 742 4223 parte
765 4140 892 4221 quidem
916 4140 988 4222 ipsa
1010 4140 1062 4205 hic
1083 4140 1247 4206 adscribo:

389 4235 464 4314 ,Ost
485 4238 527 4304 ist
548 4258 582 4304 es
604 4259 663 4302 nur
684 4239 735 4303 ein
754 4236 956 4303 Verbtiltniss
972 4236 1030 4303 des
1046 4239 1139 4304 einen
1157 4237 1213 4303 der
1227 4238 1270 4303 im
1288 4239 1426 4307 Verbum
