<?xml version="1.0" encoding="UTF-8"?>
<!DOCTYPE html PUBLIC "-//W3C//DTD XHTML 1.0 Transitional//EN"
    "http://www.w3.org/TR/xhtml1/DTD/xhtml1-transitional.dtd">
<html xmlns="http://www.w3.org/1999/xhtml" xml:lang="en" lang="en">
 <head>
  <title>
</title>
<meta http-equiv="Content-Type" content="text/html;charset=utf-8" />
  <meta name='ocr-system' content='tesseract 3.04.00' />
  <meta name='ocr-capabilities' content='ocr_page ocr_carea ocr_par ocr_line ocrx_word'/>
</head>
<body>
  <div class='ocr_page' id='page_1' title='image "./studienzurgriec01curtgoog_0041.png"; bbox 0 0 3442 5359; ppageno 0'>
   <div class='ocr_carea' id='block_1_1' title="bbox 628 708 1347 772">
    <p class='ocr_par' dir='ltr' id='par_1_1' title="bbox 628 708 1347 772">
     <span class='ocr_line' id='line_1_1' title="bbox 628 708 1347 772; baseline -0.004 -8"><span class='ocrx_word' id='word_1_1' title='bbox 628 711 660 764; x_wconf 84' lang='lat' dir='ltr'><strong>de</strong></span> <span class='ocrx_word' id='word_1_2' title='bbox 678 708 793 764; x_wconf 90' lang='lat' dir='ltr'><strong>dialecto</strong></span> <span class='ocrx_word' id='word_1_3' title='bbox 812 708 949 765; x_wconf 78' lang='lat' dir='ltr'><strong>Boeotico.</strong></span> <span class='ocrx_word' id='word_1_4' title='bbox 1310 708 1347 772; x_wconf 86' lang='lat'><strong>31</strong></span> 
     </span>
    </p>
   </div>
   <div class='ocr_carea' id='block_1_2' title="bbox 231 881 1351 1065">
    <p class='ocr_par' dir='ltr' id='par_1_2' title="bbox 231 881 1351 1065">
     <span class='ocr_line' id='line_1_2' title="bbox 307 881 1351 964; baseline 0.002 -18"><span class='ocrx_word' id='word_1_5' title='bbox 307 883 378 948; x_wconf 90' lang='lat' dir='ltr'><strong>Hac</strong></span> <span class='ocrx_word' id='word_1_6' title='bbox 401 881 505 964; x_wconf 87' lang='lat' dir='ltr'><strong>igitur</strong></span> <span class='ocrx_word' id='word_1_7' title='bbox 521 881 644 946; x_wconf 88' lang='lat' dir='ltr'><strong>ratione</strong></span> <span class='ocrx_word' id='word_1_8' title='bbox 666 881 788 946; x_wconf 92' lang='lat' dir='ltr'><strong>vocalis</strong></span> <span class='ocrx_word' id='word_1_9' title='bbox 810 905 828 963; x_wconf 84' lang='grc' dir='ltr'><em>η</em></span> <span class='ocrx_word' id='word_1_10' title='bbox 851 881 887 948; x_wconf 92' lang='lat' dir='ltr'><strong>in</strong></span> <span class='ocrx_word' id='word_1_11' title='bbox 909 905 921 944; x_wconf 92' lang='grc' dir='ltr'><strong><em>ι</em></strong></span> <span class='ocrx_word' id='word_1_12' title='bbox 944 882 1152 949; x_wconf 82' lang='lat' dir='ltr'><strong>mutationem</strong></span> <span class='ocrx_word' id='word_1_13' title='bbox 1167 883 1351 949; x_wconf 88' lang='lat' dir='ltr'><strong>Boeoticam</strong></span> 
     </span>
     <span class='ocr_line' id='line_1_3' title="bbox 231 977 1202 1065; baseline 0.002 -22"><span class='ocrx_word' id='word_1_14' title='bbox 231 980 277 1046; x_wconf 92' lang='lat' dir='ltr'><strong>vel</strong></span> <span class='ocrx_word' id='word_1_15' title='bbox 297 979 466 1045; x_wconf 79' lang='lat' dir='ltr'><strong>Aeolicam</strong></span> <span class='ocrx_word' id='word_1_16' title='bbox 489 977 596 1045; x_wconf 87' lang='lat' dir='ltr'><strong>dicere</strong></span> <span class='ocrx_word' id='word_1_17' title='bbox 616 978 833 1065; x_wconf 72' lang='lat' dir='ltr'><strong>grammaticis</strong></span> <span class='ocrx_word' id='word_1_18' title='bbox 855 979 944 1057; x_wconf 87' lang='lat' dir='ltr'><strong>(Ahr.</strong></span> <span class='ocrx_word' id='word_1_19' title='bbox 968 980 983 1045; x_wconf 95' lang='lat' dir='ltr'><strong>l</strong></span> <span class='ocrx_word' id='word_1_20' title='bbox 1010 983 1081 1056; x_wconf 80' lang='grc'>186)</span> <span class='ocrx_word' id='word_1_21' title='bbox 1104 980 1202 1047; x_wconf 88' lang='lat' dir='ltr'><strong>licuit.</strong></span> 
     </span>
    </p>
   </div>
   <div class='ocr_carea' id='block_1_3' title="bbox 351 1121 590 1220">
    <p class='ocr_par' dir='ltr' id='par_1_3' title="bbox 351 1121 590 1220">
     <span class='ocr_line' id='line_1_4' title="bbox 351 1121 590 1220; baseline -0.008 -10"><span class='ocrx_word' id='word_1_22' title='bbox 351 1144 415 1220; x_wconf 78' lang='lat'><em>111)</em></span> <span class='ocrx_word' id='word_1_23' title='bbox 448 1168 485 1210; x_wconf 79' lang='grc' dir='ltr'><strong>ω.</strong></span> <span class='ocrx_word' id='word_1_24' title='bbox 588 1121 590 1124; x_wconf 76' lang='grc'>’</span> 
     </span>
    </p>
   </div>
   <div class='ocr_carea' id='block_1_4' title="bbox 227 1261 1351 2132">
    <p class='ocr_par' dir='ltr' id='par_1_4' title="bbox 227 1261 1351 1732">
     <span class='ocr_line' id='line_1_5' title="bbox 309 1261 1349 1347; baseline 0.002 -15"><span class='ocrx_word' id='word_1_25' title='bbox 309 1271 341 1341; x_wconf 87' lang='lat' dir='ltr'><strong>a)</strong></span> <span class='ocrx_word' id='word_1_26' title='bbox 375 1264 421 1332; x_wconf 89' lang='lat' dir='ltr'><strong>Ut</strong></span> <span class='ocrx_word' id='word_1_27' title='bbox 441 1263 627 1329; x_wconf 87' lang='lat' dir='ltr'><strong>Boeotioum</strong></span> <span class='ocrx_word' id='word_1_28' title='bbox 649 1287 674 1347; x_wconf 74' lang='lat' dir='ltr'><strong>p</strong></span> <span class='ocrx_word' id='word_1_29' title='bbox 685 1268 738 1340; x_wconf 85' lang='grc' dir='ltr'><strong>(ει)</strong></span> <span class='ocrx_word' id='word_1_30' title='bbox 756 1261 968 1328; x_wconf 80' lang='lat' dir='ltr'><strong>Aeolodorico</strong></span> <span class='ocrx_word' id='word_1_31' title='bbox 990 1286 1009 1346; x_wconf 81' lang='grc' dir='ltr'>η</span> <span class='ocrx_word' id='word_1_32' title='bbox 1032 1263 1078 1330; x_wconf 89' lang='lat' dir='ltr'><strong>ita</strong></span> <span class='ocrx_word' id='word_1_33' title='bbox 1094 1288 1119 1327; x_wconf 87' lang='grc' dir='ltr'>ω</span> <span class='ocrx_word' id='word_1_34' title='bbox 1135 1266 1261 1332; x_wconf 81' lang='lat' dir='ltr'><strong>Aeolo</strong></span> <span class='ocrx_word' id='word_1_35' title='bbox 1272 1267 1349 1335; x_wconf 92' lang='lat' dir='ltr'><strong>dor.</strong></span> 
     </span>
     <span class='ocr_line' id='line_1_6' title="bbox 229 1360 1350 1447; baseline 0.004 -21"><span class='ocrx_word' id='word_1_36' title='bbox 229 1387 252 1426; x_wconf 90' lang='grc' dir='ltr'>ω</span> <span class='ocrx_word' id='word_1_37' title='bbox 274 1361 508 1447; x_wconf 77' lang='lat' dir='ltr'><strong>respondet</strong></span> <span class='ocrx_word' id='word_1_38' title='bbox 547 1361 696 1426; x_wconf 79' lang='lat' dir='ltr'><strong>Nascitur</strong></span> <span class='ocrx_word' id='word_1_39' title='bbox 718 1379 794 1443; x_wconf 87' lang='lat' dir='ltr'><strong>ergo</strong></span> <span class='ocrx_word' id='word_1_40' title='bbox 817 1360 870 1426; x_wconf 91' lang='lat' dir='ltr'><strong>vel</strong></span> <span class='ocrx_word' id='word_1_41' title='bbox 892 1360 1102 1443; x_wconf 88' lang='lat' dir='ltr'><strong>productione</strong></span> <span class='ocrx_word' id='word_1_42' title='bbox 1124 1381 1285 1447; x_wconf 88' lang='lat' dir='ltr'><strong>compens.</strong></span> <span class='ocrx_word' id='word_1_43' title='bbox 1310 1386 1350 1433; x_wconf 83' lang='lat' dir='ltr'><strong>ex</strong></span> 
     </span>
     <span class='ocr_line' id='line_1_7' title="bbox 228 1458 1347 1542; baseline 0.006 -19"><span class='ocrx_word' id='word_1_44' title='bbox 228 1482 243 1523; x_wconf 93' lang='grc' dir='ltr'><strong><em>ο</em></strong></span> <span class='ocrx_word' id='word_1_45' title='bbox 272 1463 304 1542; x_wconf 67' lang='grc'><strong>(8</strong></span> <span class='ocrx_word' id='word_1_46' title='bbox 327 1465 344 1524; x_wconf 83' lang='grc'>7</span> <span class='ocrx_word' id='word_1_47' title='bbox 370 1480 391 1525; x_wconf 91' lang='lat' dir='ltr'><strong>a</strong></span> <span class='ocrx_word' id='word_1_48' title='bbox 412 1467 438 1535; x_wconf 83' lang='lat'><strong>3)</strong></span> <span class='ocrx_word' id='word_1_49' title='bbox 467 1460 521 1524; x_wconf 91' lang='lat' dir='ltr'><strong>vel</strong></span> <span class='ocrx_word' id='word_1_50' title='bbox 544 1458 760 1524; x_wconf 88' lang='lat' dir='ltr'><strong>contractione</strong></span> <span class='ocrx_word' id='word_1_51' title='bbox 783 1476 824 1522; x_wconf 86' lang='lat' dir='ltr'><strong>ex</strong></span> <span class='ocrx_word' id='word_1_52' title='bbox 847 1478 897 1534; x_wconf 81' lang='lat' dir='ltr'><strong>oc,</strong></span> <span class='ocrx_word' id='word_1_53' title='bbox 928 1480 980 1535; x_wconf 85' lang='grc' dir='ltr'><strong>οε,</strong></span> <span class='ocrx_word' id='word_1_54' title='bbox 1011 1480 1049 1522; x_wconf 91' lang='lat' dir='ltr'><strong>oo</strong></span> <span class='ocrx_word' id='word_1_55' title='bbox 1080 1462 1110 1539; x_wconf 68' lang='grc' dir='ltr'><strong>(ξ</strong></span> <span class='ocrx_word' id='word_1_56' title='bbox 1133 1464 1150 1526; x_wconf 89' lang='grc'>8</span> <span class='ocrx_word' id='word_1_57' title='bbox 1173 1481 1194 1526; x_wconf 91' lang='lat' dir='ltr'><strong>a</strong></span> <span class='ocrx_word' id='word_1_58' title='bbox 1216 1474 1238 1524; x_wconf 83' lang='lat' dir='ltr'><strong>v.</strong></span> <span class='ocrx_word' id='word_1_59' title='bbox 1263 1475 1286 1526; x_wconf 85' lang='lat' dir='ltr'><strong>s.</strong></span> <span class='ocrx_word' id='word_1_60' title='bbox 1311 1468 1347 1542; x_wconf 83' lang='lat'><strong>9).</strong></span> 
     </span>
     <span class='ocr_line' id='line_1_8' title="bbox 227 1541 1351 1638; baseline 0.004 -16"><span class='ocrx_word' id='word_1_61' title='bbox 227 1559 331 1624; x_wconf 82' lang='lat' dir='ltr'><strong>Etiam</strong></span> <span class='ocrx_word' id='word_1_62' title='bbox 355 1556 521 1623; x_wconf 88' lang='lat' dir='ltr'><strong>Boeotidis</strong></span> <span class='ocrx_word' id='word_1_63' title='bbox 544 1563 593 1622; x_wconf 88' lang='lat' dir='ltr'><strong>cst</strong></span> <span class='ocrx_word' id='word_1_64' title='bbox 615 1541 660 1619; x_wconf 80' lang='grc' dir='ltr'><strong>ὦν</strong></span> <span class='ocrx_word' id='word_1_65' title='bbox 682 1554 835 1638; x_wconf 84' lang='lat' dir='ltr'><strong>Aegosth.</strong></span> <span class='ocrx_word' id='word_1_66' title='bbox 858 1567 874 1618; x_wconf 85' lang='lat'>8</span> <span class='ocrx_word' id='word_1_67' title='bbox 896 1576 960 1620; x_wconf 89' lang='lat' dir='ltr'><strong>una</strong></span> <span class='ocrx_word' id='word_1_68' title='bbox 982 1576 1053 1621; x_wconf 91' lang='lat' dir='ltr'><strong>cum</strong></span> <span class='ocrx_word' id='word_1_69' title='bbox 1075 1558 1196 1624; x_wconf 87' lang='lat' dir='ltr'><strong>Doride</strong></span> <span class='ocrx_word' id='word_1_70' title='bbox 1219 1565 1251 1625; x_wconf 92' lang='lat' dir='ltr'><strong>et</strong></span> <span class='ocrx_word' id='word_1_71' title='bbox 1272 1560 1351 1628; x_wconf 91' lang='lat' dir='ltr'><strong>Iade</strong></span> 
     </span>
     <span class='ocr_line' id='line_1_9' title="bbox 227 1657 627 1732; baseline -0.01 -10"><span class='ocrx_word' id='word_1_72' title='bbox 227 1657 313 1732; x_wconf 80' lang='lat' dir='ltr'><strong>(Ahr.</strong></span> <span class='ocrx_word' id='word_1_73' title='bbox 336 1657 368 1720; x_wconf 91' lang='lat'><strong>11</strong></span> <span class='ocrx_word' id='word_1_74' title='bbox 394 1658 477 1731; x_wconf 83' lang='grc'>166).</span> <span class='ocrx_word' id='word_1_75' title='bbox 625 1665 627 1670; x_wconf 87' lang='grc'><strong>’</strong></span> 
     </span>
    </p>

    <p class='ocr_par' dir='ltr' id='par_1_5' title="bbox 227 1750 1350 2132">
     <span class='ocr_line' id='line_1_10' title="bbox 307 1750 1350 1838; baseline 0.005 -19"><span class='ocrx_word' id='word_1_76' title='bbox 307 1753 406 1838; x_wconf 83' lang='lat' dir='ltr'>Apud</span> <span class='ocrx_word' id='word_1_77' title='bbox 429 1753 643 1820; x_wconf 81' lang='lat' dir='ltr'><strong>Corinnam</strong></span> <span class='ocrx_word' id='word_1_78' title='bbox 674 1776 699 1815; x_wconf 88' lang='grc' dir='ltr'>ω</span> <span class='ocrx_word' id='word_1_79' title='bbox 729 1756 889 1817; x_wconf 86' lang='lat' dir='ltr'><strong>servatum</strong></span> <span class='ocrx_word' id='word_1_80' title='bbox 913 1757 960 1816; x_wconf 88' lang='lat' dir='ltr'><strong>cst</strong></span> <span class='ocrx_word' id='word_1_81' title='bbox 982 1750 1016 1814; x_wconf 90' lang='lat' dir='ltr'><strong>in</strong></span> <span class='ocrx_word' id='word_1_82' title='bbox 1038 1752 1175 1817; x_wconf 73' lang='lat' dir='ltr'><strong>ostona</strong></span> <span class='ocrx_word' id='word_1_83' title='bbox 1201 1758 1238 1819; x_wconf 85' lang='grc'><strong>19</strong></span> <span class='ocrx_word' id='word_1_84' title='bbox 1247 1804 1255 1837; x_wconf 95' lang='lat'><strong>,</strong></span> <span class='ocrx_word' id='word_1_85' title='bbox 1284 1778 1350 1824; x_wconf 94' lang='lat' dir='ltr'><strong>non</strong></span> 
     </span>
     <span class='ocr_line' id='line_1_11' title="bbox 227 1845 1350 1935; baseline 0.004 -19"><span class='ocrx_word' id='word_1_86' title='bbox 227 1852 286 1917; x_wconf 86' lang='lat' dir='ltr'><strong>iam</strong></span> <span class='ocrx_word' id='word_1_87' title='bbox 309 1853 344 1917; x_wconf 92' lang='lat' dir='ltr'><strong>in</strong></span> <span class='ocrx_word' id='word_1_88' title='bbox 366 1849 561 1935; x_wconf 81' lang='grc' dir='ltr'><strong><em>καλλιχόρου</em></strong></span> <span class='ocrx_word' id='word_1_89' title='bbox 581 1855 610 1935; x_wconf 83' lang='grc'><strong>8,</strong></span> <span class='ocrx_word' id='word_1_90' title='bbox 634 1847 795 1934; x_wconf 75' lang='grc' dir='ltr'><em>δούρατος</em></span> <span class='ocrx_word' id='word_1_91' title='bbox 814 1851 863 1929; x_wconf 81' lang='grc'><strong>14,</strong></span> <span class='ocrx_word' id='word_1_92' title='bbox 886 1845 1055 1928; x_wconf 79' lang='grc' dir='ltr'><em>πτολέμου</em></span> <span class='ocrx_word' id='word_1_93' title='bbox 1072 1852 1128 1933; x_wconf 77' lang='lat'><strong>26;</strong></span> <span class='ocrx_word' id='word_1_94' title='bbox 1152 1853 1239 1935; x_wconf 87' lang='lat' dir='ltr'><strong>apud</strong></span> <span class='ocrx_word' id='word_1_95' title='bbox 1262 1856 1350 1920; x_wconf 81' lang='lat' dir='ltr'><strong>Ari-</strong></span> 
     </span>
     <span class='ocr_line' id='line_1_12' title="bbox 228 1942 1350 2035; baseline 0.004 -21"><span class='ocrx_word' id='word_1_96' title='bbox 228 1949 465 2033; x_wconf 89' lang='lat' dir='ltr'><strong>stophanem</strong></span> <span class='ocrx_word' id='word_1_97' title='bbox 488 1951 636 2033; x_wconf 90' lang='lat' dir='ltr'><strong>leguntur</strong></span> <span class='ocrx_word' id='word_1_98' title='bbox 660 1943 783 2029; x_wconf 75' lang='grc' dir='ltr'><em>ἐχίνως,</em></span> <span class='ocrx_word' id='word_1_99' title='bbox 807 1942 986 2026; x_wconf 81' lang='grc' dir='ltr'><strong><em>αἰελούρως</em></strong></span> <span class='ocrx_word' id='word_1_100' title='bbox 1003 1949 1074 2029; x_wconf 83' lang='grc'>878,</span> <span class='ocrx_word' id='word_1_101' title='bbox 1097 1948 1180 2016; x_wconf 89' lang='lat' dir='ltr'><strong>alias</strong></span> <span class='ocrx_word' id='word_1_102' title='bbox 1203 1952 1350 2035; x_wconf 81' lang='lat' dir='ltr'><strong>volgares</strong></span> 
     </span>
     <span class='ocr_line' id='line_1_13' title="bbox 228 2046 576 2132; baseline 0.011 -23"><span class='ocrx_word' id='word_1_103' title='bbox 228 2046 345 2114; x_wconf 83' lang='lat' dir='ltr'><strong>formae</strong></span> <span class='ocrx_word' id='word_1_104' title='bbox 367 2047 576 2132; x_wconf 88' lang='lat' dir='ltr'><strong>irrepserunt.</strong></span> 
     </span>
    </p>
   </div>
   <div class='ocr_carea' id='block_1_5' title="bbox 229 2174 1350 3240">
    <p class='ocr_par' dir='ltr' id='par_1_6' title="bbox 229 2174 1350 3150">
     <span class='ocr_line' id='line_1_14' title="bbox 307 2174 1350 2263; baseline 0.003 -18"><span class='ocrx_word' id='word_1_105' title='bbox 307 2181 341 2257; x_wconf 89' lang='lat' dir='ltr'><strong>b)</strong></span> <span class='ocrx_word' id='word_1_106' title='bbox 372 2179 532 2261; x_wconf 78' lang='lat' dir='ltr'><strong>Exempla</strong></span> <span class='ocrx_word' id='word_1_107' title='bbox 559 2174 848 2243; x_wconf 85' lang='lat' dir='ltr'><strong>offuscationis</strong></span> <span class='ocrx_word' id='word_1_108' title='bbox 877 2174 965 2239; x_wconf 91' lang='lat' dir='ltr'><strong>illius</strong></span> <span class='ocrx_word' id='word_1_109' title='bbox 994 2198 1020 2238; x_wconf 88' lang='grc' dir='ltr'><em>ω</em></span> <span class='ocrx_word' id='word_1_110' title='bbox 1050 2178 1187 2260; x_wconf 87' lang='lat' dir='ltr'><strong>vocalis,</strong></span> <span class='ocrx_word' id='word_1_111' title='bbox 1218 2179 1259 2246; x_wconf 92' lang='lat' dir='ltr'><strong>de</strong></span> <span class='ocrx_word' id='word_1_112' title='bbox 1287 2202 1350 2263; x_wconf 87' lang='lat' dir='ltr'><strong>qua</strong></span> 
     </span>
     <span class='ocr_line' id='line_1_15' title="bbox 230 2272 1348 2357; baseline 0.001 -17"><span class='ocrx_word' id='word_1_113' title='bbox 230 2274 289 2341; x_wconf 82' lang='lat' dir='ltr'><strong>dixi</strong></span> <span class='ocrx_word' id='word_1_114' title='bbox 324 2277 356 2340; x_wconf 92' lang='lat' dir='ltr'><strong>ll</strong></span> <span class='ocrx_word' id='word_1_115' title='bbox 389 2295 422 2357; x_wconf 85' lang='grc' dir='ltr'><strong>ο,</strong></span> <span class='ocrx_word' id='word_1_116' title='bbox 461 2275 581 2342; x_wconf 90' lang='lat' dir='ltr'><strong>adsunt</strong></span> <span class='ocrx_word' id='word_1_117' title='bbox 618 2277 651 2340; x_wconf 93' lang='lat' dir='ltr'><strong>in</strong></span> <span class='ocrx_word' id='word_1_118' title='bbox 690 2272 799 2338; x_wconf 88' lang='lat' dir='ltr'><strong>lormis</strong></span> <span class='ocrx_word' id='word_1_119' title='bbox 832 2272 1056 2354; x_wconf 88' lang='lat' dir='ltr'><strong>pronominum</strong></span> <span class='ocrx_word' id='word_1_120' title='bbox 1090 2273 1205 2355; x_wconf 80' lang='grc' dir='ltr'><strong><em>ἐμοῦς,</em></strong></span> <span class='ocrx_word' id='word_1_121' title='bbox 1245 2280 1348 2357; x_wconf 83' lang='grc' dir='ltr'><strong><em>τεοῦς,</em></strong></span> 
     </span>
     <span class='ocr_line' id='line_1_16' title="bbox 230 2369 1349 2461; baseline 0.004 -24"><span class='ocrx_word' id='word_1_122' title='bbox 230 2371 295 2461; x_wconf 63' lang='lat' dir='ltr'><strong>ioris</strong></span> <span class='ocrx_word' id='word_1_123' title='bbox 324 2375 368 2439; x_wconf 88' lang='lat' dir='ltr'><strong>ab</strong></span> <span class='ocrx_word' id='word_1_124' title='bbox 397 2374 569 2458; x_wconf 81' lang='lat' dir='ltr'><strong>Apollonio</strong></span> <span class='ocrx_word' id='word_1_125' title='bbox 599 2392 617 2439; x_wconf 90' lang='lat' dir='ltr'><strong>e</strong></span> <span class='ocrx_word' id='word_1_126' title='bbox 646 2372 785 2437; x_wconf 81' lang='lat' dir='ltr'><strong>Corinna</strong></span> <span class='ocrx_word' id='word_1_127' title='bbox 818 2369 928 2435; x_wconf 89' lang='lat' dir='ltr'><strong>allatis</strong></span> <span class='ocrx_word' id='word_1_128' title='bbox 962 2372 992 2450; x_wconf 66' lang='grc' dir='ltr'><strong>(ξ</strong></span> <span class='ocrx_word' id='word_1_129' title='bbox 1018 2374 1117 2449; x_wconf 85' lang='grc'>151).</span> <span class='ocrx_word' id='word_1_130' title='bbox 1160 2375 1231 2442; x_wconf 87' lang='lat' dir='ltr'><strong>Hac</strong></span> <span class='ocrx_word' id='word_1_131' title='bbox 1263 2378 1349 2442; x_wconf 91' lang='lat' dir='ltr'><strong>enim</strong></span> 
     </span>
     <span class='ocr_line' id='line_1_17' title="bbox 230 2463 1349 2559; baseline 0.004 -24"><span class='ocrx_word' id='word_1_132' title='bbox 230 2490 292 2536; x_wconf 88' lang='lat' dir='ltr'><strong>cum</strong></span> <span class='ocrx_word' id='word_1_133' title='bbox 315 2477 407 2537; x_wconf 87' lang='lat' dir='ltr'><strong>ortae</strong></span> <span class='ocrx_word' id='word_1_134' title='bbox 436 2472 501 2538; x_wconf 90' lang='lat' dir='ltr'><strong>sint</strong></span> <span class='ocrx_word' id='word_1_135' title='bbox 529 2489 572 2538; x_wconf 87' lang='lat' dir='ltr'><strong>ex</strong></span> <span class='ocrx_word' id='word_1_136' title='bbox 602 2466 754 2551; x_wconf 81' lang='grc' dir='ltr'><strong><em>*ἐμέ-ος,</em></strong></span> <span class='ocrx_word' id='word_1_137' title='bbox 789 2463 944 2543; x_wconf 66' lang='lat' dir='ltr'><strong>*arft-og</strong></span> <span class='ocrx_word' id='word_1_138' title='bbox 978 2470 1049 2551; x_wconf 88' lang='lat' dir='ltr'><strong>(per</strong></span> <span class='ocrx_word' id='word_1_139' title='bbox 1078 2474 1258 2557; x_wconf 82' lang='lat' dir='ltr'><strong>anaptyxin</strong></span> <span class='ocrx_word' id='word_1_140' title='bbox 1290 2495 1349 2559; x_wconf 89' lang='lat' dir='ltr'><strong>pro</strong></span> 
     </span>
     <span class='ocr_line' id='line_1_18' title="bbox 229 2564 1349 2651; baseline 0.004 -18"><span class='ocrx_word' id='word_1_141' title='bbox 229 2567 389 2647; x_wconf 60' lang='lat' dir='ltr'><strong>*sss-og),</strong></span> <span class='ocrx_word' id='word_1_142' title='bbox 417 2567 577 2646; x_wconf 64' lang='lat' dir='ltr'><strong>*aest-09</strong></span> <span class='ocrx_word' id='word_1_143' title='bbox 605 2573 674 2651; x_wconf 87' lang='lat' dir='ltr'><strong>(pro</strong></span> <span class='ocrx_word' id='word_1_144' title='bbox 696 2564 846 2644; x_wconf 57' lang='lat' dir='ltr'><strong>liafdag),</strong></span> <span class='ocrx_word' id='word_1_145' title='bbox 878 2584 918 2629; x_wconf 81' lang='lat' dir='ltr'><strong>ex</strong></span> <span class='ocrx_word' id='word_1_146' title='bbox 940 2565 1128 2633; x_wconf 85' lang='lat' dir='ltr'><strong>Lesbiorum</strong></span> <span class='ocrx_word' id='word_1_147' title='bbox 1152 2581 1185 2636; x_wconf 88' lang='lat' dir='ltr'><strong>et</strong></span> <span class='ocrx_word' id='word_1_148' title='bbox 1206 2577 1349 2638; x_wconf 83' lang='lat' dir='ltr'><strong>votorum</strong></span> 
     </span>
     <span class='ocr_line' id='line_1_19' title="bbox 230 2660 1349 2746; baseline 0.004 -16"><span class='ocrx_word' id='word_1_149' title='bbox 230 2666 344 2732; x_wconf 87' lang='lat' dir='ltr'><strong>Dorum</strong></span> <span class='ocrx_word' id='word_1_150' title='bbox 368 2686 456 2733; x_wconf 92' lang='lat' dir='ltr'><strong>more</strong></span> <span class='ocrx_word' id='word_1_151' title='bbox 484 2665 695 2732; x_wconf 89' lang='lat' dir='ltr'><strong>contrahendi</strong></span> <span class='ocrx_word' id='word_1_152' title='bbox 725 2663 887 2730; x_wconf 86' lang='lat' dir='ltr'><strong>debebant</strong></span> <span class='ocrx_word' id='word_1_153' title='bbox 915 2660 982 2728; x_wconf 88' lang='lat' dir='ltr'><strong>fieri</strong></span> <span class='ocrx_word' id='word_1_154' title='bbox 1011 2663 1097 2746; x_wconf 67' lang='grc' dir='ltr'><strong><em>ἐμοῖς</em></strong></span> <span class='ocrx_word' id='word_1_155' title='bbox 1119 2674 1178 2733; x_wconf 87' lang='lat' dir='ltr'><strong>etc.</strong></span> <span class='ocrx_word' id='word_1_156' title='bbox 1223 2671 1349 2735; x_wconf 84' lang='lat' dir='ltr'><strong>Revera</strong></span> 
     </span>
     <span class='ocr_line' id='line_1_20' title="bbox 231 2761 1349 2847; baseline 0.004 -20"><span class='ocrx_word' id='word_1_157' title='bbox 231 2761 308 2844; x_wconf 80' lang='grc' dir='ltr'><strong><em>ἐμῶς</em></strong></span> <span class='ocrx_word' id='word_1_158' title='bbox 332 2770 365 2832; x_wconf 90' lang='lat' dir='ltr'><strong>et</strong></span> <span class='ocrx_word' id='word_1_159' title='bbox 387 2767 467 2839; x_wconf 80' lang='grc' dir='ltr'><em>τίως</em></span> <span class='ocrx_word' id='word_1_160' title='bbox 489 2763 682 2829; x_wconf 86' lang='lat' dir='ltr'><strong>Rhinthonis</strong></span> <span class='ocrx_word' id='word_1_161' title='bbox 704 2763 883 2844; x_wconf 82' lang='lat' dir='ltr'><strong>Tarentini,</strong></span> <span class='ocrx_word' id='word_1_162' title='bbox 910 2764 1079 2829; x_wconf 88' lang='lat' dir='ltr'><strong>severioris</strong></span> <span class='ocrx_word' id='word_1_163' title='bbox 1102 2765 1197 2847; x_wconf 91' lang='lat' dir='ltr'><strong>igitur</strong></span> <span class='ocrx_word' id='word_1_164' title='bbox 1219 2766 1349 2832; x_wconf 89' lang='lat' dir='ltr'><strong>Doridis</strong></span> 
     </span>
     <span class='ocr_line' id='line_1_21' title="bbox 230 2859 1349 2946; baseline 0.004 -21"><span class='ocrx_word' id='word_1_165' title='bbox 230 2862 365 2943; x_wconf 90' lang='lat' dir='ltr'><strong>luerunt,</strong></span> <span class='ocrx_word' id='word_1_166' title='bbox 390 2859 489 2942; x_wconf 77' lang='grc' dir='ltr'><strong><em>ἕμοῦς</em></strong></span> <span class='ocrx_word' id='word_1_167' title='bbox 512 2870 545 2927; x_wconf 92' lang='lat' dir='ltr'><strong>et</strong></span> <span class='ocrx_word' id='word_1_168' title='bbox 565 2863 658 2938; x_wconf 81' lang='grc' dir='ltr'><strong>τεοῦς</strong></span> <span class='ocrx_word' id='word_1_169' title='bbox 680 2867 787 2926; x_wconf 88' lang='lat' dir='ltr'><strong>autem</strong></span> <span class='ocrx_word' id='word_1_170' title='bbox 810 2861 1094 2946; x_wconf 82' lang='lat' dir='ltr'><strong>Syracusanorum,</strong></span> <span class='ocrx_word' id='word_1_171' title='bbox 1118 2882 1193 2945; x_wconf 89' lang='lat' dir='ltr'><strong>ergo</strong></span> <span class='ocrx_word' id='word_1_172' title='bbox 1215 2865 1349 2929; x_wconf 92' lang='lat' dir='ltr'><strong>mitioris</strong></span> 
     </span>
     <span class='ocr_line' id='line_1_22' title="bbox 233 2958 1349 3041; baseline 0.004 -17"><span class='ocrx_word' id='word_1_173' title='bbox 233 2961 315 3035; x_wconf 82' lang='lat' dir='ltr'><strong>(Ahr.</strong></span> <span class='ocrx_word' id='word_1_174' title='bbox 338 2960 372 3025; x_wconf 93' lang='lat' dir='ltr'><strong>ll</strong></span> <span class='ocrx_word' id='word_1_175' title='bbox 396 2960 534 3040; x_wconf 75' lang='lat' dir='ltr'><strong>249l50).</strong></span> <span class='ocrx_word' id='word_1_176' title='bbox 579 2961 629 3024; x_wconf 91' lang='lat' dir='ltr'><strong>Ita</strong></span> <span class='ocrx_word' id='word_1_177' title='bbox 652 2960 749 3025; x_wconf 90' lang='lat' dir='ltr'><strong>etiam</strong></span> <span class='ocrx_word' id='word_1_178' title='bbox 772 2958 873 3024; x_wconf 90' lang='lat' dir='ltr'><strong>veteri</strong></span> <span class='ocrx_word' id='word_1_179' title='bbox 897 2959 1078 3024; x_wconf 89' lang='lat' dir='ltr'><strong>Boeotismo</strong></span> <span class='ocrx_word' id='word_1_180' title='bbox 1102 2958 1188 3041; x_wconf 78' lang='grc' dir='ltr'><em>ἒμῶς</em></span> <span class='ocrx_word' id='word_1_181' title='bbox 1211 2968 1268 3028; x_wconf 90' lang='lat' dir='ltr'><strong>etc.</strong></span> <span class='ocrx_word' id='word_1_182' title='bbox 1296 2964 1349 3028; x_wconf 86' lang='lat' dir='ltr'><strong>tn&#39;-</strong></span> 
     </span>
     <span class='ocr_line' id='line_1_23' title="bbox 231 3054 1293 3150; baseline 0.003 -28"><span class='ocrx_word' id='word_1_183' title='bbox 231 3057 387 3126; x_wconf 89' lang='lat' dir='ltr'><strong>buendum</strong></span> <span class='ocrx_word' id='word_1_184' title='bbox 411 3063 468 3140; x_wconf 91' lang='lat' dir='ltr'><strong>est,</strong></span> <span class='ocrx_word' id='word_1_185' title='bbox 493 3054 591 3150; x_wconf 81' lang='grc' dir='ltr'><strong><em>ἐμοῦς</em></strong></span> <span class='ocrx_word' id='word_1_186' title='bbox 611 3057 675 3122; x_wconf 89' lang='lat' dir='ltr'><strong>nisi</strong></span> <span class='ocrx_word' id='word_1_187' title='bbox 697 3058 775 3123; x_wconf 88' lang='lat' dir='ltr'><strong>satis</strong></span> <span class='ocrx_word' id='word_1_188' title='bbox 798 3056 934 3122; x_wconf 89' lang='lat' dir='ltr'><strong>recentis</strong></span> <span class='ocrx_word' id='word_1_189' title='bbox 956 3056 1067 3122; x_wconf 92' lang='lat' dir='ltr'><strong>haberi</strong></span> <span class='ocrx_word' id='word_1_190' title='bbox 1091 3078 1155 3122; x_wconf 92' lang='lat' dir='ltr'><strong>non</strong></span> <span class='ocrx_word' id='word_1_191' title='bbox 1178 3066 1293 3142; x_wconf 90' lang='lat' dir='ltr'><strong>potest.</strong></span> 
     </span>
    </p>

    <p class='ocr_par' dir='ltr' id='par_1_7' title="bbox 305 3150 1347 3240">
     <span class='ocr_line' id='line_1_24' title="bbox 305 3150 1347 3240; baseline 0.001 -18"><span class='ocrx_word' id='word_1_192' title='bbox 305 3157 345 3222; x_wconf 92' lang='lat' dir='ltr'><strong>In</strong></span> <span class='ocrx_word' id='word_1_193' title='bbox 380 3154 659 3240; x_wconf 86' lang='lat' dir='ltr'><strong>grammaticorum</strong></span> <span class='ocrx_word' id='word_1_194' title='bbox 692 3150 833 3238; x_wconf 78' lang='grc' dir='ltr'><strong><em>ὤριστος</em></strong></span> <span class='ocrx_word' id='word_1_195' title='bbox 863 3173 920 3236; x_wconf 90' lang='lat' dir='ltr'><strong>pro</strong></span> <span class='ocrx_word' id='word_1_196' title='bbox 950 3151 1085 3235; x_wconf 78' lang='grc' dir='ltr'><strong><em>ἄριστος</em></strong></span> <span class='ocrx_word' id='word_1_197' title='bbox 1115 3157 1202 3233; x_wconf 85' lang='lat' dir='ltr'><strong>(Ahr.</strong></span> <span class='ocrx_word' id='word_1_198' title='bbox 1233 3157 1347 3234; x_wconf 80' lang='grc'>1186)</span> 
     </span>
    </p>
   </div>
   <div class='ocr_carea' id='block_1_6' title="bbox 231 3248 1105 3321">
    <p class='ocr_par' dir='ltr' id='par_1_8' title="bbox 231 3248 1105 3321">
     <span class='ocr_line' id='line_1_25' title="bbox 231 3248 1105 3321; baseline 0.001 -4"><span class='ocrx_word' id='word_1_199' title='bbox 231 3273 286 3321; x_wconf 91' lang='lat' dir='ltr'><strong>non</strong></span> <span class='ocrx_word' id='word_1_200' title='bbox 308 3274 425 3321; x_wconf 91' lang='lat' dir='ltr'><strong>moror.</strong></span> <span class='ocrx_word' id='word_1_201' title='bbox 449 3289 491 3298; x_wconf 94' lang='lat'>-</span> <span class='ocrx_word' id='word_1_202' title='bbox 513 3254 564 3318; x_wconf 90' lang='lat' dir='ltr'><strong>Dc</strong></span> <span class='ocrx_word' id='word_1_203' title='bbox 585 3252 687 3319; x_wconf 84' lang='lat' dir='ltr'><strong>forma</strong></span> <span class='ocrx_word' id='word_1_204' title='bbox 710 3248 868 3317; x_wconf 73' lang='grc' dir='ltr'><strong><em>ἐνίκωσαν</em></strong></span> <span class='ocrx_word' id='word_1_205' title='bbox 891 3251 930 3316; x_wconf 87' lang='lat' dir='ltr'><strong>cf.</strong></span> <span class='ocrx_word' id='word_1_206' title='bbox 957 3259 993 3318; x_wconf 85' lang='lat'><strong>17</strong></span> <span class='ocrx_word' id='word_1_207' title='bbox 1017 3273 1043 3318; x_wconf 89' lang='grc' dir='ltr'><strong>ο.</strong></span> <span class='ocrx_word' id='word_1_208' title='bbox 1070 3265 1105 3318; x_wconf 89' lang='lat' dir='ltr'><strong>ro.</strong></span> 
     </span>
    </p>
   </div>
   <div class='ocr_carea' id='block_1_7' title="bbox 397 3348 422 3416">
    <p class='ocr_par' dir='ltr' id='par_1_9' title="bbox 397 3348 422 3416">
     <span class='ocr_line' id='line_1_26' title="bbox 397 3348 422 3416; baseline 0 0"><span class='ocrx_word' id='word_1_209' title='bbox 397 3348 422 3416; x_wconf 74' lang='lat' dir='ltr'><strong>l</strong></span> 
     </span>
    </p>
   </div>
   <div class='ocr_carea' id='block_1_8' title="bbox 374 3492 1190 3740">
    <p class='ocr_par' dir='ltr' id='par_1_10' title="bbox 374 3492 1190 3740">
     <span class='ocr_line' id='line_1_27' title="bbox 752 3492 918 3571; baseline 0.048 -18"><span class='ocrx_word' id='word_1_210' title='bbox 752 3492 823 3571; x_wconf 73' lang='lat' dir='ltr'><strong>ss.</strong></span> <span class='ocrx_word' id='word_1_211' title='bbox 916 3558 918 3561; x_wconf 82' lang='grc'><strong>,</strong></span> 
     </span>
     <span class='ocr_line' id='line_1_28' title="bbox 374 3652 1190 3740; baseline 0.001 -32"><span class='ocrx_word' id='word_1_212' title='bbox 374 3653 427 3708; x_wconf 89' lang='lat' dir='ltr'><strong>DE</strong></span> <span class='ocrx_word' id='word_1_213' title='bbox 445 3653 722 3710; x_wconf 80' lang='lat' dir='ltr'>MUTATIONIBUS</span> <span class='ocrx_word' id='word_1_214' title='bbox 740 3652 1064 3740; x_wconf 74' lang='lat' dir='ltr'><strong>mPHTHONGQRUM</strong></span> <span class='ocrx_word' id='word_1_215' title='bbox 1089 3673 1139 3725; x_wconf 69' lang='lat' dir='ltr'><strong>(tp</strong></span> <span class='ocrx_word' id='word_1_216' title='bbox 1159 3675 1190 3725; x_wconf 83' lang='grc' dir='ltr'><strong>ῳ.</strong></span> 
     </span>
    </p>
   </div>
   <div class='ocr_carea' id='block_1_9' title="bbox 230 3805 1347 4290">
    <p class='ocr_par' dir='ltr' id='par_1_11' title="bbox 230 3805 1347 4290">
     <span class='ocr_line' id='line_1_29' title="bbox 305 3805 1346 3896; baseline 0.001 -20"><span class='ocrx_word' id='word_1_217' title='bbox 305 3815 336 3889; x_wconf 84' lang='lat' dir='ltr'><strong>a)</strong></span> <span class='ocrx_word' id='word_1_218' title='bbox 375 3808 500 3876; x_wconf 88' lang='lat' dir='ltr'><strong>Omnes.</strong></span> <span class='ocrx_word' id='word_1_219' title='bbox 518 3805 655 3874; x_wconf 84' lang='lat' dir='ltr'><strong>dialecti</strong></span> <span class='ocrx_word' id='word_1_220' title='bbox 669 3829 706 3875; x_wconf 88' lang='lat' dir='ltr'><strong>ec</strong></span> <span class='ocrx_word' id='word_1_221' title='bbox 728 3810 900 3896; x_wconf 80' lang='lat' dir='ltr'><strong>inclinant,</strong></span> <span class='ocrx_word' id='word_1_222' title='bbox 927 3817 965 3876; x_wconf 22' lang='lat' dir='ltr'><strong>,ut</strong></span> <span class='ocrx_word' id='word_1_223' title='bbox 991 3810 1182 3874; x_wconf 86' lang='lat' dir='ltr'><strong>imminuant</strong></span> <span class='ocrx_word' id='word_1_224' title='bbox 1209 3811 1346 3893; x_wconf 90' lang='lat' dir='ltr'><strong>pondus,</strong></span> 
     </span>
     <span class='ocr_line' id='line_1_30' title="bbox 230 3906 1346 3990; baseline 0.001 -20"><span class='ocrx_word' id='word_1_225' title='bbox 230 3914 258 3972; x_wconf 90' lang='lat' dir='ltr'><strong>ut</strong></span> <span class='ocrx_word' id='word_1_226' title='bbox 283 3909 341 3974; x_wconf 85' lang='lat' dir='ltr'><strong>ita</strong></span> <span class='ocrx_word' id='word_1_227' title='bbox 359 3907 481 3990; x_wconf 89' lang='lat' dir='ltr'><strong>dicam,</strong></span> <span class='ocrx_word' id='word_1_228' title='bbox 509 3927 674 3990; x_wconf 91' lang='lat' dir='ltr'><strong>sonorum,</strong></span> <span class='ocrx_word' id='word_1_229' title='bbox 703 3909 788 3990; x_wconf 92' lang='lat' dir='ltr'><strong>quod</strong></span> <span class='ocrx_word' id='word_1_230' title='bbox 816 3909 902 3974; x_wconf 89' lang='lat' dir='ltr'><strong>inest</strong></span> <span class='ocrx_word' id='word_1_231' title='bbox 929 3909 962 3972; x_wconf 90' lang='lat' dir='ltr'><strong>in</strong></span> <span class='ocrx_word' id='word_1_232' title='bbox 992 3906 1201 3989; x_wconf 82' lang='lat' dir='ltr'><strong>diphthongis</strong></span> <span class='ocrx_word' id='word_1_233' title='bbox 1223 3930 1245 3990; x_wconf 81' lang='lat' dir='ltr'><strong>p</strong></span> <span class='ocrx_word' id='word_1_234' title='bbox 1265 3931 1285 3990; x_wconf 80' lang='grc' dir='ltr'>ῃ</span> <span class='ocrx_word' id='word_1_235' title='bbox 1309 3931 1346 3989; x_wconf 84' lang='grc' dir='ltr'><strong>ῳ.</strong></span> 
     </span>
     <span class='ocr_line' id='line_1_31' title="bbox 231 3999 1347 4089; baseline -0.004 -19"><span class='ocrx_word' id='word_1_236' title='bbox 231 4003 293 4082; x_wconf 71' lang='lat' dir='ltr'><strong>Qua</strong></span> <span class='ocrx_word' id='word_1_237' title='bbox 326 4006 361 4071; x_wconf 93' lang='lat' dir='ltr'><strong>in</strong></span> <span class='ocrx_word' id='word_1_238' title='bbox 399 4026 436 4073; x_wconf 94' lang='lat' dir='ltr'><strong>re</strong></span> <span class='ocrx_word' id='word_1_239' title='bbox 469 4005 589 4089; x_wconf 91' lang='lat' dir='ltr'><strong>duplici</strong></span> <span class='ocrx_word' id='word_1_240' title='bbox 628 4005 682 4071; x_wconf 90' lang='lat' dir='ltr'><strong>via</strong></span> <span class='ocrx_word' id='word_1_241' title='bbox 721 4005 914 4088; x_wconf 90' lang='lat' dir='ltr'><strong>procedunt,</strong></span> <span class='ocrx_word' id='word_1_242' title='bbox 946 3999 1011 4069; x_wconf 82' lang='lat' dir='ltr'><strong>aut</strong></span> <span class='ocrx_word' id='word_1_243' title='bbox 1045 4026 1056 4066; x_wconf 92' lang='grc' dir='ltr'><strong><em>ι</em></strong></span> <span class='ocrx_word' id='word_1_244' title='bbox 1088 4001 1184 4066; x_wconf 88' lang='lat' dir='ltr'><strong>finale</strong></span> <span class='ocrx_word' id='word_1_245' title='bbox 1223 4004 1347 4087; x_wconf 91' lang='lat' dir='ltr'><strong>suppri-</strong></span> 
     </span>
     <span class='ocr_line' id='line_1_32' title="bbox 231 4099 1345 4186; baseline 0 -21"><span class='ocrx_word' id='word_1_246' title='bbox 231 4109 363 4185; x_wconf 86' lang='lat' dir='ltr'><strong>mentes,</strong></span> <span class='ocrx_word' id='word_1_247' title='bbox 392 4110 428 4168; x_wconf 88' lang='lat' dir='ltr'><strong>ut</strong></span> <span class='ocrx_word' id='word_1_248' title='bbox 448 4103 545 4186; x_wconf 87' lang='lat' dir='ltr'><strong>longa</strong></span> <span class='ocrx_word' id='word_1_249' title='bbox 572 4103 771 4185; x_wconf 85' lang='lat' dir='ltr'><strong>relinquatur</strong></span> <span class='ocrx_word' id='word_1_250' title='bbox 792 4102 929 4181; x_wconf 90' lang='lat' dir='ltr'><strong>vocalis,</strong></span> <span class='ocrx_word' id='word_1_251' title='bbox 959 4108 1014 4164; x_wconf 91' lang='lat' dir='ltr'><strong>aut</strong></span> <span class='ocrx_word' id='word_1_252' title='bbox 1042 4099 1179 4182; x_wconf 89' lang='lat' dir='ltr'><strong>priorem</strong></span> <span class='ocrx_word' id='word_1_253' title='bbox 1201 4102 1345 4167; x_wconf 87' lang='lat' dir='ltr'><strong>vocalem</strong></span> 
     </span>
     <span class='ocr_line' id='line_1_33' title="bbox 232 4195 1347 4290; baseline 0.003 -29"><span class='ocrx_word' id='word_1_254' title='bbox 232 4200 441 4283; x_wconf 88' lang='lat' dir='ltr'><strong>corripientes,</strong></span> <span class='ocrx_word' id='word_1_255' title='bbox 466 4208 500 4267; x_wconf 93' lang='lat' dir='ltr'><strong>ut</strong></span> <span class='ocrx_word' id='word_1_256' title='bbox 522 4201 627 4290; x_wconf 82' lang='lat' dir='ltr'><strong>brevis</strong></span> <span class='ocrx_word' id='word_1_257' title='bbox 650 4201 869 4284; x_wconf 88' lang='lat' dir='ltr'><strong>diphthongus</strong></span> <span class='ocrx_word' id='word_1_258' title='bbox 891 4195 1053 4262; x_wconf 85' lang='lat' dir='ltr'><strong>efficiatur.</strong></span> <span class='ocrx_word' id='word_1_259' title='bbox 1086 4195 1205 4262; x_wconf 90' lang='lat' dir='ltr'><strong>Prioris</strong></span> <span class='ocrx_word' id='word_1_260' title='bbox 1219 4200 1347 4280; x_wconf 87' lang='lat' dir='ltr'><strong>generis</strong></span> 
     </span>
    </p>
   </div>
   <div class='ocr_carea' id='block_1_10' title="bbox 233 4291 1469 4381">
    <p class='ocr_par' dir='ltr' id='par_1_12' title="bbox 233 4291 1469 4381">
     <span class='ocr_line' id='line_1_34' title="bbox 233 4291 1469 4381; baseline 0 -22"><span class='ocrx_word' id='word_1_261' title='bbox 233 4304 298 4363; x_wconf 89' lang='lat' dir='ltr'><strong>sunt</strong></span> <span class='ocrx_word' id='word_1_262' title='bbox 324 4304 443 4364; x_wconf 89' lang='lat' dir='ltr'><strong>recent.</strong></span> <span class='ocrx_word' id='word_1_263' title='bbox 466 4299 561 4366; x_wconf 89' lang='lat' dir='ltr'><strong>Lesb.</strong></span> <span class='ocrx_word' id='word_1_264' title='bbox 588 4299 689 4366; x_wconf 91' lang='lat' dir='ltr'><strong>dativi</strong></span> <span class='ocrx_word' id='word_1_265' title='bbox 718 4293 885 4381; x_wconf 74' lang='grc' dir='ltr'><strong><em>ἐκκλησία,</em></strong></span> <span class='ocrx_word' id='word_1_266' title='bbox 916 4291 1084 4378; x_wconf 74' lang='grc' dir='ltr'><strong><em>στεφάνου,</em></strong></span> <span class='ocrx_word' id='word_1_267' title='bbox 1114 4293 1271 4362; x_wconf 90' lang='lat' dir='ltr'><strong>coniunct.</strong></span> <span class='ocrx_word' id='word_1_268' title='bbox 1295 4293 1347 4361; x_wconf 79' lang='grc' dir='ltr'><strong>ἐν·</strong></span> <span class='ocrx_word' id='word_1_269' title='bbox 1467 4294 1469 4298; x_wconf 62' lang='grc'><strong>“</strong></span> 
     </span>
    </p>
   </div>
   <div class='ocr_carea' id='block_1_11' title="bbox 0 0 1726 5359">
    <p class='ocr_par' dir='ltr' id='par_1_13' title="bbox 0 0 1726 5359">
     <span class='ocr_line' id='line_1_35' title="bbox 0 0 1726 5359; baseline 0 0"><span class='ocrx_word' id='word_1_270' title='bbox 0 0 1726 5359; x_wconf 95' lang='lat' dir='ltr'><strong> </strong></span> 
     </span>
    </p>
   </div>
  </div>
 </body>
</html>
