3442 5359
640 717 673 771 de
691 715 805 772 dialecto
824 717 961 774 Boeotico.
1328 712 1366 775 13

248 889 358 954 docent
382 888 424 954 00
447 889 585 964 dialecto
608 889 769 972 Boeotico,
793 908 857 953 non
881 908 922 955 ex
942 890 1016 954 vivo
1039 888 1148 973 populi
1171 908 1225 955 ore
1246 887 1304 956 sed
1327 907 1367 954 ex

247 993 408 1070 poetarum
431 986 625 1054 carminibus
647 987 831 1053 hauserunt.

325 1124 357 1196 a)
392 1118 546 1183 Boeotica
574 1118 712 1184 dialecto
741 1119 775 1183 10
804 1118 999 1184 carminibus
1027 1139 1086 1183 usa
1114 1126 1162 1183 est
1190 1119 1368 1187 Corinna

246 1218 437 1299 Tanagraea
460 1220 533 1293 (500
557 1235 586 1280 a.
610 1214 707 1288 Chr).
752 1214 849 1281 Cuius
878 1216 1022 1282 carmina
1042 1235 1113 1282 cum
1135 1216 1368 1284 Alexandrino·

244 1333 310 1378 rum
332 1320 441 1379 aetate
461 1315 587 1396 integra
610 1320 789 1397 exstarent,
818 1312 861 1378 ad
884 1333 943 1379 nos
965 1331 1069 1395 pauca
1089 1313 1264 1380 admodum
1286 1316 1369 1400 frag-

245 1418 352 1477 menta
375 1417 450 1477 sunt
471 1417 666 1494 propagata,
697 1430 780 1492 0000
808 1410 1000 1476 novissimus
1028 1410 1130 1476 edidit
1153 1411 1313 1495 Bergkius
1335 1415 1367 1479 in

245 1515 326 1591 poet.
350 1508 410 1592 lyr.
435 1508 633 1592 0031110.
659 1512 741 1573 1200
756 1528 802 1591 00.
846 1508 886 1573 10
914 1508 965 1575 his
990 1514 1100 1574 tamen
1122 1510 1297 1575 tenendum
1321 1518 1369 1578 cst

245 1627 307 1672 non
337 1626 419 1690 pura
446 1613 542 1688 01000
572 1607 698 1690 integra
725 1605 863 1672 dialecto
892 1626 982 1672 usam
1009 1607 1164 1672 cecinisse
1187 1605 1368 1684 (torinnam,

244 1704 301 1771 sed
323 1704 442 1769 Ionicis
463 1702 573 1769 formis
595 1709 774 1787 temperata
795 1703 916 1780 (Abnl
937 1708 1013 1787 1653
1037 1704 1213 1770 Verbandl.
1238 1704 1370 1787 0,(1011.

245 1802 324 1868 Phil.
348 1822 432 1868 vers.
459 1805 540 1867 1853
563 1822 594 1884 p.
620 1804 686 1884 66);
719 1801 837 1868 001000
859 1801 1025 1883 relliquias
1048 1802 1224 1868 carminum
1246 1800 1370 1868 00000

245 1898 433 1984 pervenisse
460 1921 525 1965 non
554 1919 679 1981 eorum,
709 1919 790 1983 quae
812 1920 832 1964 a
854 1898 994 1965 (torinna
1022 1906 1097 1965 sunt
1124 1899 1283 1983 prolecta,
1312 1899 1370 1966 000

217 1998 420 2082 ,posteriore
442 2005 586 2081 tempore
607 1999 851 2081 recensitorum,
881 2018 945 2081 qua
967 1997 1008 2063 00
1030 1997 1210 2079 001010οξ
1235 2001 1273 2064 18
1295 2018 1370 2063 non-

246 2097 337 2163 nulla
357 2095 436 2161 mibi
458 2101 533 2161 sunt
555 2094 703 2160 dicenda.

329 2225 456 2294 Deindc
472 2227 609 2292 Aristo
619 2227 775 2310 phanes
796 2226 831 2291 in
846 2225 1107 2292 Achemensibus
1123 2229 1184 2292 800
1200 2246 1247 2309 00.
1271 2227 1372 2294 Boeo·

245 2332 312 2389 tum
334 2325 369 2390 in
391 2344 541 2391 scaenam
556 2324 688 2406 inducit,
711 2324 852 2406 itemque
869 2323 1050 2388 Eubulus
1070 2323 1106 2387 in
1119 2323 1263 2408 Antiopa
1284 2326 1373 2403 (Mei-

247 2423 351 2503 neke,
375 2422 487 2505 fragm.
511 2442 591 2488 com.
615 2421 668 2486 Gr.
693 2422 743 2486 ΙΙΙ
765 2442 796 2504 p.
813 2423 875 2486 208
899 2421 930 2504 Ι;
960 2419 999 2487 01.
1021 2419 1100 2486 Ahr.
1123 2421 1156 2486 ΙΙ
1180 2425 1263 2504 523),
1293 2443 1372 2506 0000

246 2539 305 2587 000
325 2519 466 2586 voluisse
494 2539 554 2585 nec
582 2519 726 2603 potuisse
753 2518 889 2585 fortasse
916 2516 1090 2602 perfectam
1118 2519 1291 2586 dialectum
1319 2540 1372 2587 ex-

246 2618 357 2684 hibere
378 2617 474 2683 facile
495 2617 694 2701 perspicitur,
718 2637 910 2700 quamquam
932 2615 1019 2681 haud
1041 2635 1165 2700 paucae
1182 2637 1265 2699 0000
1287 2639 1372 2684 0000

246 2717 396 2798 leguntur
423 2715 545 2781 formae
566 2714 693 2780 Atticae
720 2733 785 2779 non
814 2715 881 2780 illis
909 2713 1116 2797 scriptoribus
1144 2714 1203 2780 000
1231 2715 1372 2781 librariis

247 2820 320 2879 sunt
333 2811 552 2896 imputandas.
582 2813 747 2879 Postremo
763 2811 935 2877 Strattis
949 2811 984 2876 in
998 2810 1185 2877 Phoenissis
1199 2812 1371 2890 (bleincke,

247 2912 267 2975 1.
291 2931 317 2977 c.
341 2912 374 2976 ΙΙ
396 2931 427 2994 p.
452 2914 510 2976 781
536 2910 598 2989 ΙΙΙ)
621 2910 794 2975 000001100
816 2908 911 2973 affert
932 2909 1110 2974 locutiones
1132 2907 1317 2975 Thebanas.

332 3042 365 3119 b)
395 3039 480 3119 Quid
501 3041 633 3107 valeant
654 3039 1013 3123 grammaticorum
1035 3037 1230 3119 testimonia,
1254 3040 1373 3122 optime

249 3140 396 3224 exposuit
418 3138 562 3223 Giescus,
586 3139 694 3205 Ueber
716 3138 746 3202 0.
770 3137 831 3203 001.
854 3137 941 3202 Dial.
965 3157 997 3220 p.
1020 3139 1060 3201 23
1084 3155 1131 3218 00.
1176 3135 1266 3216 Quae
1288 3139 1374 3204 testi-

249 3238 357 3303 monia
385 3255 457 3301 cum
487 3235 733 3319 diligentissime
761 3236 802 3301 ab
829 3235 973 3301 Ahrcnte
1001 3235 1065 3300 sint
1093 3242 1262 3316 congesta,
1295 3237 1374 3302 satis

249 3333 347 3402 habui
368 3333 412 3400 ad
435 3334 503 3400 eins
531 3334 647 3398 librum
669 3333 841 3417 relegasse.
865 3367 904 3378 -
927 3332 1069 3398 indicem
1092 3332 1233 3417 Hesychi
1255 3336 1374 3417 glossa·

249 3453 317 3497 mm
341 3432 564 3497 Boeoticarnm
594 3430 683 3497 dedit
705 3433 747 3496 Μ.
771 3430 967 3497 Schmidtius
992 3432 1025 3496 10
1054 3429 1235 3515 appendice
1262 3433 1375 3500 utrius·

250 3551 311 3614 qne
333 3530 493 3596 editionis.
538 3527 626 3596 (lave
647 3536 772 3611 10000,
801 3548 844 3595 00
871 3528 1004 3594 010100
1031 3529 1144 3595 credas
1170 3529 1243 3595 hnic
1265 3532 1376 3598 indici:
1508 3559 1513 3567 ·

250 3630 338 3695 Inter
362 3631 422 3693 152
450 3628 576 3710 glossas
606 3627 691 3693 enim
721 3627 765 3692 ibi
794 3634 998 3693 enumeratas
1027 3623 1218 3706 (00001001)
1245 3633 1283 3691 41
1307 3636 1376 3694 tan·

250 3734 316 3790 tum
343 3731 435 3808 sunt,
465 3744 549 3808 quac
578 3724 619 3790 ab
642 3723 804 3809 Hesychio
833 3725 948 3792 aliisve
976 3723 1183 3808 scriptoribus
1206 3724 1376 3790 Boeoticae

251 3830 413 3905 vocentur,
436 3831 604 3906 practerea
625 3821 680 3886 vix
696 3825 746 3903 25,
770 3842 853 3905 0000
874 3821 1069 3888 confidenter
1083 3819 1214 3887 Boeotis
1235 3820 1376 3884 tribuan-

252 3927 310 4002 tur,
339 3928 517 3987 cetcrarum
546 3920 673 3986 turbam
695 3920 792 3985 etiam
813 3921 887 3986 aliis
911 3918 1057 3983 dialectis
1078 3915 1265 3982 adiudicare
1289 3916 1375 3982 licet.

254 4018 290 4083 10
311 4018 362 4084 bis
384 4017 514 4100 quidem
537 4038 602 4083 non
621 4036 727 4082 meum
743 4037 814 4084 esse
830 4016 906 4081 duxi
928 4031 1096 4080 recensere
1117 4013 1151 4076 in
1173 4030 1374 4095 unaquaque,

253 4136 326 4181 num
348 4116 422 4200 plns
442 4114 591 4181 minusve
613 4114 820 4198 probabiliter
842 4132 864 4176 a
886 4108 1062 4176 Schmidtio
1085 4107 1236 4171 Boeotica
1258 4108 1376 4174 habea-

253 4219 315 4296 tur,
348 4213 383 4278 id
416 4213 502 4279 enim
535 4231 576 4278 ex
608 4212 814 4295 sequentibus
843 4209 913 4274 sinc
941 4204 1070 4289 negotio
1103 4204 1282 4286 intelleges.
1327 4206 1376 4269 De

254 4312 414 4377 nonnullis
436 4330 493 4376 suo
516 4315 658 4396 tempore
681 4308 828 4374 monebo.
