3442 5359
410 721 472 781 150
929 718 1027 774 Funck

332 945 333 949 ,
411 915 451 961 ne
485 897 525 960 ab
554 893 731 959 Homericis
765 891 893 973 quidem
923 891 1118 956 carminibus
1146 891 1256 956 aliona
1285 899 1342 959 est.
1390 893 1499 958 Primm

409 993 514 1072 enim,
543 990 627 1074 quod
651 990 734 1056 bene
760 996 930 1074 perspecta
951 990 984 1052 vi
1005 988 1150 1054 adverbii
1172 986 1256 1069 μετά
1279 991 1396 1056 nomini
1415 991 1501 1055 mirum

410 1089 579 1169 videbitur,
603 1089 636 1152 in
658 1088 763 1153 verbis
786 1087 969 1170 compositis
992 1106 1010 1152 e
1032 1087 1162 1152 notione
1184 1086 1361 1153 accedendi
1381 1088 1502 1154 acirim

341 1177 344 1183 ’
411 1186 574 1252 derivatur
601 1185 650 1252 vis
678 1183 872 1251 arcessendi.
917 1184 1081 1249 Habemus
1109 1184 1174 1248 iam
1202 1184 1236 1249 in
1265 1186 1336 1250 loco
1366 1185 1502 1252 Homerico

409 1304 508 1367 supra
529 1282 629 1348 allato
652 1287 678 1346 θ
697 1287 737 1346 47
761 1282 864 1367 κῆρυξ
885 1279 921 1347 δὲ
942 1278 1150 1365 μετῴχετο
1174 1285 1273 1346 θεῖον
1295 1276 1417 1347 ἀοιδόν.
1449 1283 1504 1349 See

409 1381 540 1466 pissime
567 1399 644 1445 vero
677 1380 826 1445 inferiore
858 1387 1002 1462 tempore
1035 1378 1205 1444 invenitur.
1257 1381 1299 1445 Et
1331 1381 1415 1466 apnd
1440 1381 1504 1446 Eud·

409 1479 517 1563 pidem
555 1479 683 1562 quidem
721 1477 889 1560 aptissima
919 1484 967 1542 est
1004 1476 1092 1542 hisce
1123 1477 1219 1542 locis:
1256 1479 1341 1544 Med.
1376 1484 1394 1544 6
1429 1481 1456 1542 οἳ
1478 1475 1504 1541 τὸ

409 1575 600 1659 πάγχρυσον
626 1575 721 1655 δέρας
743 1572 852 1658 Πελίᾳ
875 1573 1108 1658 μετῆλθον,
1142 1573 1218 1639 Hee.
1243 1580 1305 1640 512
1329 1569 1387 1642 οὐκ
1409 1568 1456 1659 ἄρ’
1474 1570 1504 1650 ὡς

409 1671 618 1755 θανουμένας
651 1665 757 1758 ἡμᾶς
789 1671 1019 1757 μετῆλθες,
1056 1671 1184 1737 Herael.
1222 1677 1302 1738 1023
1336 1668 1425 1738 τόνδ’
1455 1665 1504 1738 ciro

405 1769 520 1853 νεκρὸν
550 1780 622 1847 τοῖς
654 1768 943 1851 μετελθοῦσιν
978 1766 1085 1851 φίλων
1120 1766 1233 1852 δώσω,
1270 1770 1346 1836 Tro.
1383 1775 1434 1836 131
1462 1765 1503 1834 τάν

408 1866 584 1935 Μενελάου
620 1863 994 1948 μετανισσὸμενοιι
1032 1916 1038 1929 .
1075 1915 1081 1929 .
1118 1916 1124 1929 .
1163 1862 1301 1950 ἄλοχον,
1340 1872 1412 1935 Tro.
1446 1871 1503 1932 1211

408 1964 677 2050 μεθήκουσίν
708 1957 741 2027 o'
764 1955 950 2039 Ὀδυσσέως
972 1961 1065 2044 πάρα
1088 1962 1174 2048 οἵδε,
1207 1965 1329 2030 Phoen.
1356 1969 1431 2031 1317
1460 1960 1503 2046 tyci

356 2118 361 2128 .
410 2060 443 2128 δ’
476 2058 558 2146 ἥκω
581 2060 686 2144 μέτα
708 2053 1001 2147 μέριον”ἇδελφήν;
1028 2061 1105 2126 Hes.
1130 2065 1192 2127 509
1214 2056 1282 2148 ἥκω
1304 2057 1504 2144 μεταστεί·

378 2168 382 2176 ’
406 2186 487 2242 χιον
515 2182 562 2226 σε.
599 2159 849 2226 Usitatissimum
865 2164 973 2224 autem
995 2158 1057 2222 hac
1073 2157 1306 2240 significatione
1328 2162 1414 2245 apud
1434 2159 1504 2241 sedp-

408 2266 493 2324 torcs
516 2277 630 2342 prosae
654 2257 807 2322 orationis
831 2261 880 2322 est
901 2255 1035 2320 uerbum
1058 2259 1327 2337 μειανιέμνιω
1355 2259 1405 2325 vel
1426 2257 1503 2342 potius

408 2356 441 2420 id
457 2355 543 2439 quod
558 2356 656 2420 multo
673 2354 804 2437 saepius
825 2354 943 2435 legitur
964 2377 986 2432 μ
998 2356 1325 2434 ειαιιὲμιεομοι,
1349 2354 1503 2421 velutPlat

406 2453 505 2536 Gorg.
528 2452 640 2535 47133
664 2452 775 2536 Symp.
801 2449 912 2533 17503
946 2451 1037 2515 Dem.
1068 2449 1196 2516 decor.
1226 2454 1244 2530 ξ
1269 2455 1325 2533 24,
1356 2457 1427 2535 169,
1447 2455 1503 2529 2153

385 2558 387 2562 '
408 2550 574 2634 Antiphon
596 2550 629 2614 in
652 2569 725 2613 nov.
749 2551 768 2629 ξ
795 2553 848 2631 15,
873 2548 974 2612 Thuo.
999 2548 1024 2625 Ι,
1049 2550 1106 2630 953
1130 2550 1170 2631 ΙΙ,
1194 2551 1359 2632 29;,Χοο.
1383 2550 1457 2616 Heli.
1474 2545 1503 2626 IL

411 2654 443 2730 1,
467 2652 503 2730 9,
534 2649 648 2731 quibus
671 2646 819 2711 omnibus
848 2645 928 2710 locis
954 2645 1055 2710 habes
1079 2645 1218 2711 medium
1246 2666 1365 2730 genus3
1395 2647 1505 2713 activum

409 2745 526 2828 legitur
548 2743 636 2828 apud
658 2742 937 2827 Thucydidem,
966 2745 1042 2826 112,
1071 2743 1132 2823 IV,
1157 2747 1213 2824 30,
1242 2745 1338 2824 alibi,
1367 2745 1503 2830 passivum

407 2844 507 2908 Thue.
531 2844 555 2924 Ι,
583 2845 641 2907 128
664 2837 924 2925 μεταπεμφθεὶς
947 2833 1014 2904 ὑπὸ
1037 2841 1275 2925 Σπαρτιανῶν;
1297 2843 1380 2908 Pras.
1402 2844 1503 2921 Protag·

408 2940 505 3004 319ss
527 2937 604 3015 τοὺς
627 2937 822 3021 οἰκοδόμους
836 2935 1178 3021 μεταπεμπομένοος;
1201 2939 1298 3005 etism
1321 2941 1374 3005 hic
1395 2942 1506 3025 apparet

406 3037 621 3104 accusativum
654 3038 754 3102 verbo
788 3035 899 3101 deberi
932 3036 1124 3118 composito,
1156 3056 1231 3100 nam
1265 3056 1361 3118 quem
1393 3037 1507 3122 simplex

406 3136 539 3201 verbum
562 3138 687 3216 πέμπω
716 3134 798 3217 regit
819 3133 1052 3214 accusativum,
1083 3152 1211 3215 prorsus
1234 3134 1316 3200 atius
1339 3135 1366 3201 is
1389 3143 1436 3202 est
1453 3153 1508 3200 con·
1546 3188 1547 3195 ,

407 3232 551 3297 dicionis.
595 3231 697 3298 Plane
726 3230 811 3296 idem
834 3230 927 3295 vidos
949 3231 1058 3297 valere
1088 3231 1129 3296 de
1157 3231 1298 3312 ratione,
1329 3253 1412 3316 quae
1435 3235 1510 3299 iuter·

405 3330 491 3395 cedit
513 3331 595 3394 inter
616 3334 726 3394 nostra
740 3328 840 3392 verba
861 3325 1004 3389 echichen
1020 3334 1052 3393 et
1066 3327 1247 3390 beschiclrcn
1254 3330 1298 3405 ²⁰).
1336 3330 1512 3396 Derivantur

405 3433 511 3491 autem
534 3428 780 3507 ομειοιιέμνιω
796 3424 895 3489 uerbo
910 3421 1124 3506 μετάπεμψις
1148 3431 1180 3491 et
1201 3426 1420 3514 μετοπομπή,
1443 3422 1513 3511 quod

406 3530 573 3605 utrumque
607 3542 724 3588 nomen
757 3520 942 3587 recentioris
976 3523 1149 3590 memoriae
1184 3530 1241 3588 est.
1296 3525 1453 3608 Altera,
1483 3522 1514 3589 de

406 3641 469 3704 qua
490 3640 588 3704 supra
609 3620 734 3700 monui,
764 3617 954 3701 significatio
984 3620 1081 3684 etiam
1104 3618 1218 3686 Latino
1241 3621 1341 3687 verbo
1370 3640 1516 3686 ονιεεεινι

405 3716 536 3802 propria
558 3725 619 3800 est;
645 3724 693 3783 est
715 3717 800 3782 enim
823 3716 910 3780 notio
932 3717 1103 3799 puniendi,
1127 3737 1249 3800 poenas
1270 3722 1455 3803 repetendi,
1479 3719 1518 3784 ui·

405 3815 555 3897 ciscendi,
579 3815 707 3898 proprie
730 3813 916 3894 accedendi,
940 3821 974 3879 ut
995 3834 1102 3898 poena
1124 3820 1296 3899 repetatur.
1343 3818 1403 3884 Est
1424 3825 1518 3885 auem

404 3913 457 3978 hic
496 3934 571 3979 usus
611 3913 750 3977 maxime
790 3910 936 3994 Euripidi
971 3911 1207 3993 frequentatus,
1243 3914 1298 3994 qui
1335 3918 1427 3997 varia
1461 3915 1519 3982 eius

474 4080 505 4141 ²⁰1
533 4080 627 4135 Possis
659 4081 742 4134 ctiam
770 4079 889 4148 cogitare
916 4077 949 4132 de
975 4079 1157 4145 intransitiva,
1193 4094 1273 4147 quam
1306 4083 1460 4152 suspicatus
1485 4085 1520 4138 est

405 4158 515 4213 Curtius
539 4160 669 4223 (Verbum
688 4159 712 4222 I,
738 4176 763 4227 p.
785 4164 855 4224 154),
879 4157 905 4211 vi
929 4158 1004 4211 verbi
1025 4159 1141 4226 πέμπειν
1163 4158 1207 4225 (cf.
1226 4161 1339 4230 πομπή,
1365 4163 1520 4232 duc-nipp-

405 4239 484 4306 eto-c)
503 4240 580 4294 cuius
597 4240 708 4307 vestigia
726 4244 816 4293 tamen
834 4238 863 4292 in
879 4238 963 4293 verbo
980 4237 1040 4306 ipso
1059 4240 1217 4295 obscuriora
1235 4246 1312 4309 sunt,
1332 4260 1414 4313 quam
1431 4245 1520 4315 quibus

405 4319 460 4373 tale
478 4318 542 4387 quid
561 4323 635 4374 certo
654 4319 832 4374 demonstrari
850 4319 944 4388 possit.
