3442 5359
694 727 727 781 de
745 726 860 781 dialecto
879 727 1014 781 Boeotica.
1371 724 1410 785 25

294 899 330 964 K.
352 898 423 966 66⁶.
460 900 630 965 Praeterea
658 898 746 963 ΘΕΒ
778 900 831 965 vel
864 898 1058 964 ΘΕΒΑΙΟΝ
1092 907 1141 965 οε1
1169 899 1200 964 in
1230 900 1414 983 antiquiori·

294 999 347 1064 bus
377 999 517 1064 nummis
548 998 716 1079 (Mionnet,
750 997 852 1063 deser.
882 999 915 1062 Il
945 1001 1025 1063 1091.
1059 1033 1100 1043 -
1137 997 1301 1064 Accedunt
1329 1020 1414 1065 nova

292 1096 417 1178 quidem
451 1097 632 1163 litteratura
660 1095 718 1162 sed
747 1117 787 1162 ex
816 1097 948 1179 antiquo
976 1115 1064 1161 more
1092 1095 1201 1180 scripti
1225 1090 1413 1180 Ἀριστοξέ-

293 1219 343 1279 νης
365 1195 469 1262 Theb.
492 1195 531 1259 K.
548 1191 649 1274 52¹¹,a
671 1193 721 1268 (ci.
746 1194 781 1259 L.
799 1197 873 1271 521)
896 1202 928 1260 et
951 1191 1197 1258 ΧΑΙΡΡΟΝΕΑ
1214 1193 1413 1282 Χαῖρρώνηα

373 1392 525 1475 Sequitur
539 1391 586 1456 tit.
604 1388 730 1454 Kaibel.
749 1391 787 1452 18
803 1390 956 1471 antiquae
975 1389 1173 1455 litteraturae
1193 1389 1333 1457 incertae
1355 1393 1414 1457 ori-

291 1489 373 1573 ginis
388 1490 439 1556 bis
456 1491 492 1570 Ε,
508 1495 556 1555 ter
573 1485 608 1554 ΕΙ
626 1506 685 1570 pro
701 1487 727 1550 Ε
743 1486 918 1569 praebens:
939 1480 1153 1569 ἹττΙντσκὺδης,
1166 1488 1413 1572 ΣφΙερομοκλῆς

291 1595 323 1653 at
337 1586 489 1669 Κράτεες,
506 1581 767 1668 Ἡσμεινοτέλεις.
806 1584 932 1650 Deinde
954 1585 992 1648 in
1015 1584 1155 1651 titulis
1175 1585 1292 1651 novis
1314 1605 1413 1652 sem·

291 1705 359 1770 per
375 1709 411 1751 ει
426 1707 497 1770 pro
519 1709 538 1770 η
562 1686 758 1753 scribitur
780 1691 876 1767 atque
900 1683 980 1750 baec
1001 1682 1157 1765 scriptura
1180 1703 1245 1747 una
1266 1695 1343 1748 nota
1365 1691 1413 1749 est

290 1783 585 1866 grammaticis,
615 1785 668 1866 qui
691 1783 829 1848 afferunt
851 1780 972 1863 λέβεις,
996 1784 1123 1856 πένεις,
1148 1777 1290 1860 Λάχεις,
1322 1773 1413 1845 εὐσε-

289 1878 374 1964 δεῖς,
400 1875 554 1964 εὐγενεῖς,
579 1874 712 1964 ἀγενεῖς,
737 1878 886 1966 ἀφανεῖς,
910 1882 1040 1960 πατεῖρ,
1064 1876 1191 1960 μάτειρ,
1219 1876 1324 1958 εἵρως,
1349 1902 1413 1943 πο-

291 1977 412 2061 νειρός,
437 1984 583 2060 viderat,
608 1979 737 2064 φίλειμι
767 1978 856 2053 (nhr.
884 1978 899 2041 Ι
924 1980 993 2058 183,
1024 1977 1055 2040 ΙΙ
1078 1979 1155 2056 519,
1184 1975 1270 2042 adde
1292 1976 1411 2046 Herod.

289 2076 398 2160 1210,
426 2084 463 2152 6).
510 2077 617 2144 Semel
640 2084 763 2143 tanturn
786 2077 819 2140 in
842 2075 934 2140 titulo
956 2094 1040 2139 novo
1063 2097 1082 2158 η
1106 2074 1257 2158 scriptum
1280 2075 1413 2157 legitur:

286 2166 531 2259 Ἀριστοφάνης
553 2176 672 2258 Thesp.
697 2173 731 2239 O.
759 2176 853 2255 1638,
884 2193 977 2256 quem
1000 2172 1125 2236 titulum
1148 2172 1293 2254 proxime
1315 2172 1358 2237 ad
1380 2172 1414 2236 id

290 2278 414 2356 tempus
444 2273 612 2356 accedere,
643 2293 706 2356 quo
734 2292 820 2336 nora
847 2272 1026 2337 litteratura
1053 2270 1086 2335 in
1114 2290 1206 2334 usum
1232 2267 1413 2334 introducta

291 2376 346 2453 est,
369 2370 548 2436 litterarum
571 2371 692 2436 formae
714 2369 923 2452 comprobant
945 2368 995 2442 (ci.
1018 2387 1128 2452 apogr.
1153 2368 1188 2431 1..
1213 2369 1297 2442 419).
1338 2365 1413 2432 Ubi·

290 2487 413 2551 cunque
441 2476 548 2536 autem
577 2469 660 2534 alias
685 2468 719 2533 in
747 2468 848 2534 titulis
877 2466 1104 2551 posterioribus
1129 2464 1263 2530 occurrit
1286 2463 1310 2525 Η
1333 2475 1413 2526 =c

290 2569 398 2632 autin
421 2567 604 2633 nominibus
626 2566 865 2650 peregrinorum
889 2572 994 2633 exstat
1011 2565 1119 2647 itaque
1135 2569 1304 2629 excusatur
1327 2566 1367 2639 (e.
1381 2583 1412 2644 g.

290 2662 440 2746 Μήστωρ
463 2661 646 2750 Μήστορος
671 2661 842 2741 Φωκαιεὺς
865 2662 958 2730 Orch.
983 2663 1017 2729 O.
1036 2666 1127 2738 1583,
1146 2665 1196 2744 10),
1220 2667 1275 2724 aut
1297 2660 1413 2743 legitur

290 2761 322 2825 in
344 2762 444 2827 titulis
465 2762 586 2829 mixtae
609 2763 738 2829 dialecti
748 2763 779 2839 ¹⁶)
809 2764 860 2828 vel
891 2762 1061 2826 affectatae
1088 2757 1289 2840 antiquitatis
1319 2762 1358 2835 (e.
1381 2779 1413 2840 g.

290 2857 476 2944 θησαυρόν,
508 2857 673 2945 στατήρας
701 2859 823 2927 Lebad.
854 2859 890 2925 (l.
916 2863 1012 2940 1571,
1045 2858 1079 2922 in
1110 2877 1172 2939 quo
1202 2848 1353 2920 ἀνέδεικε
1382 2862 1414 2920 et

291 2954 540 3038 ἕβδομεῖκοντας
571 2952 776 3043 Ἑρμογένης,
811 2946 891 3040 ἦμεν
921 2959 1003 3021 Tan.
1034 2954 1068 3019 Ο.
1102 2957 1209 3034 15631,
1239 2965 1263 3016 2.
1288 2965 1303 3015 3
1331 2960 1413 3025 etei.

291 3055 363 3121 Una
386 3054 515 3138 quidem
538 3076 601 3121 vox
626 3057 659 3121 in
689 3056 776 3140 puris
802 3063 833 3122 et
862 3053 1005 3136 limpidis
1035 3070 1160 3135 quoque
1189 3049 1329 3115 fontibus
1358 3070 1415 3134 per

291 3152 314 3214 Η
337 3159 461 3218 tantum
483 3154 640 3237 scribitur,
663 3147 828 3232 scil.‘'Hpc
849 3153 883 3218 in
906 3151 1090 3235 compositis
1102 3144 1271 3228 Ἡρακλεῖς
1293 3148 1413 3231 Thesp.

293 3251 329 3316 D.
352 3255 403 3335 25,
419 3264 449 3336 ⁵3
470 3245 679 3333 Ἡράκλειτος
702 3250 825 3317 Lebad.
847 3250 906 3315 Κ.2
929 3254 996 3331 35⁰,
1012 3261 1044 3330 ⁶3
1067 3242 1289 3329 (Ἡρακλείδας
1311 3247 1413 3312 Theb.

291 3347 324 3413 0.
349 3352 441 3430 1577,
464 3355 501 3428 6).
545 3348 698 3415 Eiusdem
728 3348 815 3414 vocis
843 3373 863 3432 η
897 3368 961 3414 non
990 3353 1129 3413 mutatur·
1158 3346 1190 3410 in
1218 3346 1414 3412 Thessalicis

287 3438 499 3531 Ἡρακλείδας
522 3447 569 3513 tit.
592 3448 704 3514 Phars.
727 3459 758 3508 22
774 3447 804 3528 b,
826 3446 894 3511 32d
920 3454 952 3512 et
970 3441 1219 3528 Ἡρακλειδαῖος
1244 3456 1270 3506 10
1285 3464 1319 3528 a,
1349 3465 1414 3510 non

290 3552 372 3611 recte
393 3544 493 3629 igitur
515 3545 640 3612 Abrens
662 3545 708 3624 (ΙΙ
730 3549 804 3622 530)
827 3544 860 3609 in
883 3545 932 3610 tit.
954 3543 1066 3610 Thess.
1091 3565 1122 3609 n.
1139 3546 1167 3624 8,
1191 3554 1226 3606 16.
1249 3554 1281 3604 ro
1302 3541 1415 3627 Eileo-

291 3638 418 3720 κλεῖδας
440 3643 611 3727 supplevit<
657 3641 762 3708 (lausa
785 3642 922 3709 omissae
944 3642 1130 3707 mutationis
1152 3660 1202 3707 me
1224 3640 1314 3722 fugit.

375 3741 413 3806 In
443 3740 644 3808 Corinnae
672 3741 859 3824 fragmentis
889 3740 984 3806 modo
1013 3764 1031 3823 η
1062 3738 1157 3803 modo
1188 3760 1217 3802 ει
1245 3736 1337 3801 nobis
1367 3742 1416 3800 est

294 3837 456 3904 traditum:
493 3837 741 3925 μεγαλοσθένης
764 3843 792 3922 2,
820 3836 989 3923 θοαγάτηρ
1006 3837 1046 3917 (l)
1071 3840 1099 3917 8,
1121 3828 1237 3918 ἡρώων
1263 3837 1311 3913 10,
1336 3854 1415 3894 πεν-

294 3932 430 4020 τήκοντα
455 3940 492 4001 13
522 3973 564 3983 -
594 3935 702 4014 ἶώνει,
735 3933 903 4018 sinuosos
929 3940 978 4010 10,
1013 3934 1199 4016 cooperate
1225 3932 1272 4009 17,
1308 3927 1414 3992 δονεῖ-

296 4055 345 4096 ται
376 4036 425 4099 18.
459 4069 501 4080 -
534 4037 572 4100 ln
602 4034 892 4118 Aristophanis
921 4031 1101 4096 Boeotismo
1129 4046 1202 4090 raro
1231 4024 1357 4090 codices
1386 4046 1415 4088 ει

298 4178 494 4187 ——-

361 4258 391 4324 11)
407 4254 559 4327 Ἰσμηνίας,
579 4253 651 4323 quod
668 4253 782 4323 praebet
798 4251 830 4304 L.
847 4249 877 4303 in
895 4249 959 4316 Cop.
979 4245 1008 4300 O.
1031 4250 1102 4310 1574,
1123 4254 1150 4294 rr
1171 4259 1222 4313 pro
1241 4241 1415 4298 Boecklriano

302 4339 450 4403 ΗΛΗΜΩΝ,
469 4352 524 4392 non
542 4350 639 4391 sanum
655 4335 756 4402 habeo,
774 4332 855 4387 lectio
873 4329 980 4385 ridetur
998 4325 1123 4382 difficilis.
