3442 5359
381 701 423 788 50
594 725 596 730 ’
874 725 1024 781 Beermann

380 901 539 986 Hesychi,
561 918 666 982 neque
688 897 815 982 dubito,
839 898 915 980 quin
938 898 1054 963 iustum
1078 895 1222 978 spiritum
1246 895 1426 977 praebeant
1448 898 1502 961 An.

381 998 440 1066 Ox.
463 1001 479 1064 Ι
505 1000 575 1078 146,
599 1009 627 1058 15
651 989 746 1078 cripta
769 1002 801 1062 61
824 998 878 1061 Ar.
902 996 982 1060 Aah.
1006 997 1067 1058 862
1090 988 1178 1075 ὑμὲς.
1206 984 1213 991 ’

465 1099 494 1173 6)
528 1097 655 1176 Restat,
684 1100 720 1160 ut
741 1094 852 1178 paucis
874 1092 977 1158 dicam
1001 1092 1041 1157 de
1063 1093 1211 1174 neglecta
1233 1090 1412 1155 mutatione
1434 1109 1503 1154 con·

380 1212 480 1261 sonae
502 1192 688 1276 explosivae
711 1199 787 1258 ante
808 1209 957 1273 asperum
981 1190 1147 1258 exstantis.
1185 1189 1286 1254 Affert
1309 1188 1396 1253 enim
1412 1186 1503 1271 Apol-

380 1292 486 1358 lonius
509 1291 620 1373 depr.
644 1293 684 1356 98
708 1309 726 1356 e
749 1288 889 1355 Corinna
920 1289 1024 1366 (11.2)
1054 1278 1117 1351 ἀπ’
1143 1285 1227 1363 sois.
1273 1287 1332 1352 Est
1355 1286 1407 1351 bic
1428 1285 1504 1351 anti·

380 1385 754 1471 quior'mos's‘cribendi,
778 1406 872 1468 quem
895 1384 1052 1467 exemplis
1074 1403 1114 1450 ex
1129 1383 1254 1449 Doricis
1276 1383 1378 1449 titulis
1400 1383 1504 1468 petitis

381 1486 567 1569 comprobat
582 1484 708 1551 Abrens
731 1485 857 1563 (Ι160),
882 1484 997 1565 quique
1012 1482 1088 1547 inde
1104 1482 1292 1566 explicatur,
1316 1481 1403 1562 quod
1426 1482 1503 1574 tales

379 1604 475 1650 voces
497 1582 639 1649 nondum
662 1588 728 1646 tam
750 1586 820 1646 arte
842 1581 1031 1646 coniunctae
1053 1587 1160 1661 erant,
1189 1589 1223 1644 ut
1248 1579 1380 1662 spiritus
1402 1579 1503 1644 vocali

380 1682 460 1748 elisa
496 1699 669 1746 consonam
706 1677 950 1744 antecedentem
985 1675 1137 1743 afficeret.
1187 1677 1307 1742 Similis
1342 1680 1391 1741 est
1427 1676 1502 1741 ratio

379 1779 607 1844 vocabulorum
630 1771 738 1852 οὐδεὶς
761 1782 793 1842 61
814 1773 944 1860 μηδείς,
974 1794 1057 1857 quae
1083 1774 1188 1858 primo
1214 1775 1248 1839 in
1271 1773 1372 1840 titulis
1394 1773 1502 1838 Atticis

378 1876 558 1942 scribuntur
581 1871 656 1938 οὐδὲ
680 1867 736 1948 εἷς,
759 1871 840 1955 μηδὲ
865 1869 925 1948 εἷς,
950 1871 1024 1938 dein
1048 1864 1165 1949 οὐδείς,
1189 1870 1319 1955 μηδείς,
1344 1879 1501 1954 postremo

378 1975 430 2038 vel
453 1973 520 2038 leni
542 1970 709 2054 explosiva
729 1970 764 2035 in
786 1970 899 2036 fortem
922 1970 1097 2052 aspiratam
1118 1989 1214 2035 versa
1227 1969 1304 2035 inde
1319 1970 1362 2034 ab
1386 1969 1427 2034 ol.
1447 1973 1501 2033 100

378 2069 575 2150 (Wecklein,
599 2088 663 2134 cur.
688 2069 786 2150 epigr.
810 2071 863 2145 30)
890 2063 1015 2144 οὐθείς,
1039 2071 1171 2151 μηθείς.
1216 2068 1268 2131 Ita
1289 2067 1322 2131 in
1347 2065 1501 2132 Boeoticis

378 2184 503 2247 quoque
525 2166 628 2231 titulis
650 2173 697 2232 est
720 2157 821 2230 οὐδέν
845 2164 938 2232 Orch.
963 2165 996 2230 O.
1023 2168 1132 2247 1519,
1156 2177 1202 2248 333
1224 2167 1360 2245 μειθενί
1379 2166 1420 2229 D.
1439 2169 1465 2246 1,
1479 2175 1499 2226 9.

379 2265 409 2343 2,
435 2275 471 2328 13.
496 2267 525 2345 3,
547 2276 571 2324 7.

771 2419 774 2424 ’
896 2435 991 2513 §ru

505 2650 532 2729 Ι)
782 2581 834 2634 DE
852 2580 1100 2635 SPIRANTIBUS.

570 2672 599 2715 0.

462 2752 494 2825 a)
519 2748 745 2831 Pervolgatum
768 2755 816 2815 est
837 2748 1037 2831 geminari
1059 2749 1100 2812 in
1123 2747 1300 2829 vetustis
1324 2750 1461 2816 titulis
1481 2771 1499 2813 o

376 2845 575 2928 litteram,
592 2847 780 2929 saepissime
795 2847 924 2929 quidem
939 2853 1015 2912 ante
1029 2870 1058 2924 τ,
1076 2845 1134 2911 sed
1149 2866 1391 2929 nonnumquam
1408 2851 1498 2915 etiam

375 2950 451 3008 ante
473 2967 500 3019 κ,
522 2967 550 3022 χ,
575 2947 611 3021 0,
635 2967 671 3020 π,
695 2968 728 3022 μ,
752 2952 787 3009 ut
808 2945 965 3010 scribatur
980 2964 1051 3019 σστ,
1075 2964 1136 3006 oon
1151 2951 1208 3008 etc.
1231 2964 1289 3027 pro
1313 2965 1363 3023 στ,
1389 2968 1429 3009 on
1444 2952 1499 3012 etc.

249 3072 252 3077 ·
375 3040 427 3118 (61.
450 3041 535 3121 Keil,
559 3042 645 3105 anal.
669 3061 719 3124 ep.
742 3062 772 3124 p.
793 3046 869 3124 151,
893 3042 969 3107 Ahr.
993 3041 1026 3105 II
1054 3046 1128 3123 100,
1153 3042 1340 3124 Mommsen,
1365 3043 1498 3110 Unterit.

374 3138 460 3203 Dial.
483 3158 514 3221 p.
538 3145 580 3213 5).
625 3131 715 3216 Quae
740 3139 898 3221 scriptura
920 3158 1112 3221 quamquam
1134 3139 1273 3204 maxime
1294 3140 1328 3203 in
1354 3142 1402 3206 tit.
1427 3143 1499 3206 Dor.

374 3240 489 3311 exstat,
513 3241 620 3300 tamon
643 3255 684 3300 ne
706 3235 747 3301 ab
770 3236 885 3301 Atticis
908 3236 1036 3317 quidem
1059 3236 1167 3301 aliena
1189 3246 1236 3302 est
1259 3235 1386 3320 (Canes,
1411 3237 1498 3304 Stud.

374 3330 453 3395 VIII
476 3334 559 3412 283),
583 3338 680 3412 atque
702 3352 800 3415 saepe
823 3335 957 3398 occurrit
978 3334 1011 3397 in
1027 3333 1224 3398 Thessalicis
1248 3334 1496 3411 (Κολυσσταῖος,

370 3423 606 3507 Ἆσστύμαχος,
620 3422 891 3506 Ἀσσκλαπιάδας
906 3439 965 3496 616.
981 3432 1028 3494 tit.
1044 3430 1178 3520 Phara),
1194 3432 1364 3499 Boeoticis.
1398 3434 1497 3513 Quam

374 3523 414 3589 ob
436 3543 503 3588 rem
525 3546 590 3590 non
613 3525 710 3591 valde
732 3526 942 3609 probabiliter
963 3527 1098 3592 coniecit
1112 3529 1295 3595 Boeckhius
1318 3530 1496 3613 (111025,

372 3621 411 3686 61.
439 3621 560 3704 Franz,
591 3624 631 3687 el.
661 3643 711 3706 ep.
740 3644 770 3706 p.
795 3628 846 3702 49)
875 3625 1075 3708 pinguiorem
1104 3646 1217 3691 sonum
1248 3627 1410 3709 designari
1440 3632 1496 3695 hac

371 3718 529 3802 scriptura
560 3720 697 3785 similem
735 3728 843 3786 nostro
876 3723 945 3796 acb,
983 3730 1092 3788 natum
1130 3723 1266 3789 tortasse
1305 3744 1345 3790 ex
1381 3727 1496 3793 Dorico

371 3817 497 3895 ,San“;
526 3819 631 3899 potius
654 3819 774 3883 acutior
798 3839 817 3881 σ
840 3820 990 3886 elementi
1013 3842 1111 3886 sonus
1134 3841 1172 3886 ea
1195 3820 1392 3906 designatur,
1424 3845 1495 3908 qua-

370 3914 434 3978 lem
458 3933 528 3979 esse
550 3917 720 3982 voluerunt
741 3917 877 3991 Romani
899 3919 1073 3984 scribentes
1095 3940 1137 3980 as
1159 3940 1217 4002 pro
1239 3942 1280 3993 rc,
1308 3942 1419 3985 cucuso
1440 3942 1494 4005 pro

371 4031 464 4073 conco
487 4011 631 4095 (Bitschl,
654 4015 863 4097 prol'Irin.1
889 4019 965 4096 101,
990 4015 1144 4081 Corssen2
1166 4017 1182 4080 1
1204 4019 1289 4092 282).
1331 4018 1492 4086 Eiusmodi

370 4114 445 4172 sunt
476 4109 628 4175 Boeotica
658 4104 860 4191 ἆρισστεύων
890 4109 1000 4178 Thisb.
1030 4114 1071 4177 K.
1096 4117 1170 4196 601,
1205 4112 1491 4197 Κασστόδαμος1.)

369 4205 495 4270 Leuctr.
517 4208 556 4272 D.
573 4211 628 4290 24,
649 4199 933 4297 Ἆρισστογ[6ίτων
957 4209 1064 4293 (1253
1085 4202 1353 4297 Ἀρισστοφάνης
1375 4215 1489 4297 Thesp.

370 4301 404 4368 0.
431 4307 527 4387 1638,
552 4302 718 4385 baccones,
742 4305 958 4388 cccccccccc
979 4308 1098 4392 Thesp.
1122 4310 1161 4375 D.
1185 4314 1330 4392 25,1.8.
