3442 5359
301 706 362 769 152
820 709 920 763 Funck

301 881 405 948 simile
426 881 565 963 videtur,
597 881 682 963 quod
704 880 884 964 suspicatus
907 886 955 945 est
976 879 1114 944 Kritala
1137 880 1351 964 (Sitzungsber.
1367 879 1389 945 l.

301 979 430 1045 Wiener
452 977 559 1044 Akad.
580 980 668 1042 1870.
706 976 876 1042 Phil-hist.
901 976 948 1042 Ol.
971 976 1003 1042 S.
1025 980 1081 1042 89:
1104 976 1143 1042 ci.
1168 977 1291 1044 Curtius
1305 976 1390 1043 Gala*

300 1097 332 1160 p.
357 1081 446 1157 540),
480 1076 564 1140 hanc
591 1093 702 1139 vocem
732 1080 901 1157 cognatam
929 1093 1002 1140 esse
1024 1075 1122 1141 verbo
1151 1077 1186 1140 in
1207 1075 1310 1141 Beklr.
1330 1076 1391 1140 Am.

301 1195 331 1257 p.
349 1177 411 1237 414
434 1171 551 1238 tradito
576 1163 752 1248 αἰττάλλεις·
777 1165 993 1252 ἀποπέμπεις
1017 1182 1048 1238 et
1070 1172 1127 1238 alii
1148 1172 1311 1239 notissimo
1330 1169 1392 1254 qood
1423 1242 1425 1247 ,

301 1277 349 1336 est
383 1267 485 1336 ι’άλλω
520 1268 735 1347 (intransitive
767 1268 842 1334 Hes.
875 1269 982 1352 theog.
1017 1272 1078 1335 269
1115 1268 1324 1352 μεταχρόνιαι
1349 1265 1392 1352 γὰρ

295 1366 478 1446 ,λαλλον)”).
529 1367 619 1446 Quae
648 1367 675 1431 si
704 1367 750 1431 ita
782 1373 872 1447 sunt,
902 1368 1033 1451 propria
1059 1369 1150 1434 verbi
1179 1369 1230 1434 vis
1258 1374 1305 1434 est
1329 1385 1393 1444 ,ren

300 1465 441 1547 aliquam
469 1464 635 1548 persequi,
670 1464 759 1530 einer
788 1463 892 1529 Sachs
921 1464 1146 1549 nachgehen“;
1181 1486 1275 1548 quam
1303 1465 1394 1549 optino

299 1563 333 1627 in
356 1563 443 1628 locos
464 1563 669 1645 scriptorum,
698 1561 838 1627 maxime
861 1560 1062 1646 Homericos,
1092 1562 1251 1646 quadrare
1278 1566 1394 1646 apparet.

301 1659 432 1743 Legitur·
455 1660 539 1725 enim
563 1658 650 1742 apud
666 1659 839 1724 Homerum
863 1666 894 1724 et
915 1659 1063 1727 absolute
1081 1659 1200 1726 dictum
1223 1666 1262 1737 (e.
1278 1681 1303 1726 c.
1324 1657 1394 1737 §378

302 1749 378 1820 ἀλλ’
410 1754 481 1838 ἐμοὶ
506 1750 543 1819 οὖ
575 1754 673 1839 φίλον
698 1753 766 1820 ἐστὶ
797 1757 1003 1844 μεταλλῆσαι
1032 1758 1087 1822 καλ
1116 1755 1268 1839 ἐρέσθαι)
1297 1764 1394 1822 etam

300 1853 482 1920 accusativo
512 1873 670 1937 personae
692 1874 789 1936 quam
814 1855 885 1936 quis
907 1855 1083 1937 interrogat
1113 1859 1154 1930 (e.
1177 1874 1204 1920 c.
1234 1880 1262 1918 ντ
1283 1857 1337 1920 287
1357 1847 1396 1914 iu

301 1949 353 2014 κέν
377 1971 414 2014 σε
436 1949 665 2032 μεταλλῶσιν),
690 1958 811 2017 etcum
834 1953 1015 2017 accusativo
1031 1952 1083 2017 vel
1106 1971 1274 2034 personae,
1297 1951 1334 2017 de
1350 1967 1396 2032 qua
1431 1964 1435 1977 ·

302 2047 372 2131 quis
395 2049 518 2129 quaerit
548 2052 587 2125 (θ.
611 2069 637 2114 c.
668 2052 700 2110 K
723 2052 782 2113 125
814 2045 871 2112 τόν
900 2047 959 2128 μὲν
983 2044 1045 2130 ἐγώ
1068 2047 1216 2135 προέηκα
1245 2047 1395 2133 καλήμεναι

302 2142 357 2221 οὓς
389 2141 427 2208 οὐ
450 2145 636 2232 μεταλλᾷς),
670 2146 721 2212 vel
745 2147 791 2212 rei
822 2145 862 2211 de
895 2166 959 2228 qua
985 2147 1147 2229 quaeritur
1176 2150 1217 2226 (e.
1248 2167 1274 2212 c.
1302 2145 1395 2210 Etlt

301 2240 507 2328 μετάλλησάν
527 2267 563 2327 με
577 2242 635 2324 μὲν
653 2240 692 2307 cii
706 2248 762 2324 τι),
786 2249 904 2309 etcum
920 2242 1040 2327 duplici
1061 2245 1244 2311 accusativo
1266 2259 1395 2329 personae

303 2352 399 2424 atque
421 2341 467 2406 rci
490 2347 528 2418 (c.
552 2361 578 2406 c.
602 2366 619 2424 q
644 2345 705 2407 243
730 2335 749 2403 ὅ
770 2333 806 2422 μ’
834 2333 979 2421 ἀνείρεαι
1001 2334 1060 2426 ἡδὲ
1080 2340 1274 2428 μεταλλᾷς),
1297 2350 1326 2408 ei
1344 2358 1395 2406 curn

231 2476 232 2481 ν
301 2439 462 2505 accusatio
485 2439 538 2521 qui
562 2438 675 2503 dicitur
696 2438 855 2503 interioris
879 2437 995 2503 obiecti
1026 2444 1056 2520 (y
1079 2443 1139 2503 243
1170 2441 1227 2504 νῦν
1251 2433 1283 2504 δ’
1314 2435 1395 2504 ἐθέλω

302 2535 385 2612 ’ἐντος
408 2531 489 2600 ἄλλο
519 2535 742 2619 μεταλλῆσαι).
789 2534 868 2599 (lum
891 2542 997 2600 autem
1028 2537 1156 2621 proprie
1182 2537 1303 2602 nullam
1322 2535 1396 2603 alian

302 2635 465 2699 notionem
496 2634 557 2700 nisi
585 2631 761 2699 accedendi
791 2631 925 2713 habeat,
955 2640 1092 2716 apparet
1120 2633 1224 2701 etiam
1245 2632 1396 2718 simplicem

301 2732 365 2796 vim
387 2731 573 2814 alloquendi
590 2731 687 2796 verbo
710 2726 873 2810 μεταλλᾶν
893 2731 1001 2797 inesse
1022 2752 1126 2815 posse,
1150 2752 1246 2814 quam
1268 2733 1397 2798 habemns

301 2828 392 2894 Pind.
417 2827 467 2895 01.
491 2823 545 2910 Vl,
574 2833 632 2893 106
657 2822 904 2912 ἀντεφθέγξατο
929 2825 963 2890 δ)
995 2824 1155 2911 ἀρτιεπὴς
1178 2835 1303 2913 πατρία
1325 2825 1396 2898 ὅοοα,

300 2923 503 3008 μετάλλασέν
526 2923 561 2989 τὲ
583 2943 657 3006 μιν·
679 2921 780 3006 ’Όρσο
803 2928 915 2989 τέκνον
937 2922 1012 2998 κτὲ,
1035 2926 1107 2990 aliis
1130 2926 1219 2992 locis.

386 3025 429 3088 ll.
459 3023 528 3088 Iam
557 3023 600 3088 ad
628 3023 708 3088 hacc
730 3023 830 3089 verba
859 3022 954 3088 eundi
984 3023 1141 3088 accedunt
1168 3024 1236 3090 alia
1263 3025 1303 3090 ab
1330 3019 1399 3088 initio

300 3123 364 3186 iam
393 3121 562 3186 transitiva
590 3120 742 3186 movendi
764 3121 796 3184 vi
825 3122 997 3203 instructa,
1028 3141 1110 3202 quae
1132 3128 1303 3188 tamenex
1329 3126 1400 3205 parts

302 3218 430 3301 quidem
453 3218 526 3283 aliis
549 3237 675 3300 quoque
697 3218 790 3282 huius
813 3218 1090 3283 commentationis
1113 3219 1192 3285 locis
1213 3221 1267 3286 vcl
1287 3221 1401 3285 tractata

301 3322 376 3380 sunt
397 3315 450 3378 vel
480 3321 572 3379 erunt
602 3315 780 3380 tractanda.
826 3314 984 3380 Videntur
1005 3321 1112 3380 autem
1138 3324 1268 3398 praeter
1295 3337 1402 3399 μετα·

301 3417 382 3494 ττέμ
394 3435 420 3474 ντ
432 3435 473 3488 ω,
499 3411 539 3477 de
554 3432 616 3494 quo
631 3412 695 3477 iam
711 3431 808 3495 supra
824 3413 884 3495 egi,
909 3412 989 3478 haec
1004 3413 1143 3480 maxime
1158 3416 1259 3480 verba
1279 3414 1402 3480 hocloco

302 3529 373 3577 esse
406 3507 588 3574 afferenda:
629 3514 826 3595 patipati,
863 3510 948 3592 quod
981 3511 1113 3577 verbum
1147 3513 1334 3596 praesertim
1362 3504 1404 3574 ubi

301 3608 503 3673 coniunctum
534 3626 604 3671 cum
633 3607 871 3691 praepositione
902 3605 947 3684 εἷς
977 3609 1153 3690 invenitur,
1187 3610 1250 3675 huc
1279 3615 1404 3695 spectaro

370 3821 402 3884 21)
421 3819 611 3890 Antiquiorum
626 3820 833 3889 explicationem
848 3837 861 3876 e
878 3820 966 3890 μετά
984 3827 1011 3876 et
1028 3821 1130 3878 ἄλλος
1144 3837 1238 3876 rocem
1247 3822 1406 3891 compositam

300 3917 360 3957 esse
379 3901 547 3964 sumentium,
567 3915 729 3968 quamquam
747 3902 827 3956 etiam
844 3902 951 3957 Pottius
970 3903 1096 3971 probarit
1113 3903 1255 3972 proposita
1271 3919 1336 3958 sane
1351 3912 1406 3956 nora

301 3981 524 4051 interpretatione
541 3981 604 4035 hac:
632 3977 706 4051 μετ’
735 3981 847 4034 ἄλλων
871 3981 1019 4053 ἐρευνᾶν
1037 3984 1104 4048 lolii:
1131 3978 1204 4053 μετ’
1232 3979 1406 4052 ἄλλαέρεν·

300 4066 373 4121 νᾶν,
395 4061 430 4115 cl'.
448 4061 482 4114 Ε.
501 4062 532 4114 F.
552 4062 586 4125 1²,
606 4066 675 4126 754),
693 4078 749 4117 non
766 4078 879 4130 possum
897 4079 952 4118 non
969 4064 1089 4132 ineptam
1105 4063 1237 4132 iudicare3
1256 4081 1319 4119 nam
1336 4074 1407 4131 neque

300 4143 374 4197 notio
401 4141 584 4210 quaerendi
616 4142 671 4196 ullo
704 4142 784 4196 modo
811 4141 850 4196 ita
878 4142 1030 4212 explicatur
1057 4159 1156 4212 neque,
1193 4143 1257 4212 quid
1285 4146 1335 4201 sibi
1358 4140 1408 4197 velt

187 4231 189 4234 ⁴
302 4220 415 4280 ἄλλος,
441 4221 569 4276 videmus.
604 4221 646 4275 De
672 4225 896 4290 percontandi
918 4225 998 4280 verbo
1020 4223 1092 4280 falso
1115 4225 1240 4280 aPottio
1266 4228 1407 4296 comparato

302 4300 480 4357 conferendus
500 4302 608 4357 Curtius
627 4301 707 4356 Grdz.
727 4320 753 4372 p.
773 4307 831 4359 698.
