3442 5359
637 435 669 489 de
686 435 802 490 dialecto
822 434 959 490 Boeotica.
1318 432 1358 496 23

236 609 447 692 principatum
485 607 670 672 obtinuisse.
723 607 939 674 Nihilominus
975 607 1007 672 in
1043 607 1244 673 Corinnae
1277 607 1360 691 frag-

237 706 348 772 mentis
371 725 501 790 semper
523 712 628 771 exstat
650 727 705 769 ov:
729 703 786 770 τού
812 711 838 787 1,
863 698 1048 790 ὦνοὺμηνεν
1071 709 1099 788 2,
1123 699 1222 785 οὖμές
1237 708 1266 786 6,
1295 699 1360 770 Οὖ-

236 801 320 885 plag,
352 801 524 888 θουγάτηρ
548 807 583 884 8,
614 801 772 869 auerterit·
796 808 849 885 11,
878 797 1038 885 οὖψιβίας
1062 807 1116 886 13,
1145 800 1284 886 γλουκού
1311 808 1358 879 17,

237 900 508 986 λιγουροκωτίλης
537 905 595 983 20,
630 899 793 985 λιγουράν,
827 907 939 987 pedon
968 905 1026 982 21,
1058 894 1181 981 οὗμίων
1212 905 1252 965 22
1278 903 1360 977 (sola

238 999 392 1084 Μύρτιδα
424 1003 461 1064 21
495 1008 527 1065 et
554 999 683 1081 θρᾶνυξ
711 1004 751 1066 38
786 1000 1030 1076 remanserunt).
1081 998 1176 1082 Apud
1204 999 1360 1064 Aristo·

235 1102 403 1184 phanem
426 1118 590 1181 nunquam
612 1119 678 1163 non
700 1122 719 1161 o
743 1099 899 1163 scribitur.

316 1187 487 1263 Rationem
520 1196 613 1261 huius
645 1195 821 1278 scripturae
845 1186 937 1261 'bene
970 1195 1133 1279 perspexit
1166 1193 1358 1274 Priscianus,

234 1297 285 1378 qui
308 1296 354 1362 sio
376 1292 497 1358 iudicat
518 1292 594 1376 [ssiu.
617 1294 633 1356 Ι
655 1313 686 1376 p.
710 1296 760 1374 27,
784 1305 813 1356 25
836 1295 904 1369 H.):
943 1294 1013 1372 ,illi
1041 1293 1125 1359 enim
1155 1296 1208 1370 [sc.
1232 1291 1360 1367 becles]

234 1390 403 1477 θουγάτηρ
435 1390 542 1456 dicunt
564 1409 621 1474 pro
644 1384 794 1473 θυγάτηρ
818 1413 855 1456 ου
880 1391 1103 1475 corripientes,
1132 1390 1185 1456 vel
1208 1385 1318 1471 'magis
1340 1412 1359 1451 v
1408 1432 1410 1436 -

233 1512 310 1558 sono
333 1511 354 1552 u
377 1490 464 1556 soliti
492 1494 567 1555 sunt
595 1490 805 1572 pronuntiare
829 1489 967 1573 ideoque
989 1489 1151 1554 ascribunt
1174 1510 1207 1563 o,
1237 1507 1303 1552 non
1327 1493 1360 1550 ut

235 1588 469 1674 diphthongum
492 1587 626 1669 faciant,
652 1586 710 1654 sed
732 1594 767 1652 ut
789 1608 903 1653 sonum
925 1611 943 1651 v
966 1587 1132 1654 Aeolicum
1155 1584 1359 1652 ostendant.“

234 1688 411 1753 Servarunt
439 1685 536 1768 igitur
563 1705 628 1749 una
656 1705 727 1749 cum
756 1686 938 1752 Laconibus
965 1686 1053 1762 (Ahr.
1083 1685 1115 1749 ΙΙ
1145 1688 1216 1757 124)
1247 1680 1359 1748 Boeoti

233 1784 400 1869 pristinum
424 1805 444 1845 u
465 1773 587 1847 vocalis
609 1803 732 1864 sonum,
756 1784 810 1866 qui
831 1783 919 1867 apud
940 1783 1095 1865 reliquos,
1118 1781 1144 1847 si
1168 1780 1296 1864 quidem
1319 1799 1359 1845 ex

234 1883 390 1966 scriptura
413 1878 442 1944 Υ
467 1902 531 1946 non
560 1886 684 1945 mutata
712 1881 772 1946 hoo
800 1883 875 1947 licet
903 1881 1070 1962 colligere,
1103 1880 1136 1943 in
1166 1885 1186 1940 d
1216 1886 1284 1944 erat
1314 1886 1360 1942 at-

234 1985 394 2046 tenuatus.
439 1978 566 2044 Deinde
589 1999 643 2043 cur
666 1979 820 2043 mutarint
844 1979 952 2044 Boeoti
975 1979 1173 2061 scripturam,
1196 1975 1290 2041 facile
1313 1975 1359 2038 in-

234 2079 406 2160 tellegitur,
429 2077 497 2142 scil.
521 2086 553 2142 et
576 2078 650 2159 quia
671 2078 885 2159 appetebant,
909 2078 997 2142 utin
1021 2076 1198 2141 litterarum
1221 2093 1360 2157 pronun-

207 2261 214 2267 ι
233 2175 418 2241 dationibus
441 2174 501 2240 sibi
517 2175 703 2240 conveniret
719 2194 789 2239 cum
806 2175 928 2255 Atticis,
952 2194 1084 2257 quorum
1107 2194 1145 2236 oo
1169 2191 1207 2236 eo
1230 2170 1359 2254 quidem

233 2282 378 2359 tempore
393 2274 457 2337 iam
475 2267 720 2358 μονοφθόγγως
735 2283 755 2336 a
771 2273 945 2353 dicebatur,
969 2280 1001 2338 et
1023 2273 1098 2354 quia
1120 2271 1166 2335 eis
1189 2289 1268 2353 opus
1291 2274 1360 2334 erat

234 2372 325 2456 signo
348 2368 378 2435 Υ
402 2369 445 2436 ad
467 2369 658 2452 signandum
681 2391 793 2437 sonum
817 2378 845 2443 d,
870 2371 904 2435 in
927 2390 1020 2452 quem
1042 2369 1167 2434 interea
1187 2367 1312 2431 abierat
1326 2386 1359 2427 οι

234 2469 464 2554 diphthongus,
485 2489 516 2532 u.
539 2471 559 2548 ξ
582 2473 600 2531 5
623 2469 673 2532 ΙΙΙ
696 2469 785 2547 (Ahr.
807 2471 823 2534 Ι
848 2472 931 2543 197).

318 2568 370 2632 De
391 2566 549 2650 scriptura
573 2589 624 2629 roo
647 2587 706 2649 pro
730 2589 778 2642 ov,
805 2591 821 2628 υ
844 2565 883 2630 cf.
905 2567 925 2645 ὅ
951 2570 988 2628 10
1011 2564 1058 2629 ΙΙΙ
1081 2583 1111 2627 a.

318 2683 352 2760 b)
384 2680 433 2748 Oi
438 2680 451 2744 1
456 2681 685 2746 uscationis
706 2681 793 2746 illius
808 2679 977 2760 vocalium,
1003 2679 1043 2744 de
1059 2698 1121 2761 qua
1137 2679 1204 2744 dixi
1223 2681 1358 2762 sublii,

236 2781 385 2865 exempla
407 2779 563 2845 accedunt
584 2777 724 2860 Νιουμώ
746 2808 789 2830 =
811 2776 917 2859 Νομώ
947 2783 978 2843 θ1
1005 2773 1141 2858 pionpant
1162 2806 1205 2829 =
1225 2782 1359 2860 γίνομαι

235 2878 317 2944 inira
345 2881 364 2956 ᾖ
390 2881 429 2942 10
457 2877 506 2940 Ill
530 2897 550 2941 a
578 2882 610 2942 et
637 2879 656 2954 ξ
681 2881 698 2940 7
721 2889 778 2941 al
811 2875 990 2941 tractanda
1027 2869 1153 2955 Ὤνυμα
1186 2882 1293 2942 autem
1326 2878 1359 2941 in

233 2969 433 3058 Ὠνύμαστος
465 2975 646 3058 Acraephn.
677 2973 725 3063 K„
749 2972 802 3054 ld,
829 2985 845 3034 4
878 2980 910 3039 et
944 2966 1129 3056 ὠνούμηνεν
1162 2972 1233 3038 Oor.
1261 2973 1298 3039 ir.
1329 2978 1358 3054 2,

237 3093 427 3156 quamquam
451 3079 499 3138 est
521 3073 617 3137 etiam
641 3071 829 3136 Lesbiorum
853 3072 941 3149 (Abr.
962 3071 977 3134 Ι
1000 3073 1053 3148 82)
1077 3078 1109 3137 et
1130 3071 1358 3138 Thessalorum

237 3163 442 3253 t’Ovdpuppog
457 3171 504 3234 tir.
520 3170 632 3235 Phars.
648 3182 678 3232 30
692 3172 734 3247 a),
757 3190 822 3234 non
843 3170 918 3234 licet
932 3170 994 3234 huc
1009 3169 1147 3249 trahere,
1170 3189 1241 3233 oum
1256 3171 1359 3234 Dores

238 3287 361 3352 quoque
383 3288 421 3339 eo
450 3274 579 3333 utantur
607 3268 696 3345 (Ahr.
718 3267 752 3330 ΙΙ
778 3269 848 3342 123)
879 3286 983 3350 neque
1004 3267 1038 3331 in
1063 3267 1247 3348 compositis
1273 3261 1358 3329 ἀνώ-

239 3388 345 3448 νυμος,
371 3358 560 3446 ἀντωνυμία
583 3372 642 3431 etc.
666 3366 707 3429 ab
723 3364 931 3431 leno-Atticis
953 3364 994 3430 sit
1013 3363 1164 3429 alienum.
1195 3365 1246 3429 De
1262 3388 1301 3426 nv
1317 3393 1360 3416 =

241 3484 277 3526 ao
299 3469 331 3531 et
354 3464 550 3540 sv¹³)=·eo
573 3463 820 3544 v.§8a3et
840 3475 865 3526 1.

307 3701 337 3765 ¹³)
364 3698 532 3768 Scripturam
555 3693 674 3766 εὕδομον
691 3723 724 3744 =
741 3693 860 3766 ἕβδομον
884 3695 965 3750 Orch.
989 3695 1126 3759 (215690,
1149 3703 1185 3756 11,
1209 3707 1280 3761 quae
1304 3710 1359 3748 non

245 3775 362 3848 displicet
379 3779 494 3834 Ahrenti·
510 3780 533 3845 (I
554 3782 624 3845 114),
641 3779 669 3832 in
693 3777 790 3846 lapidis
809 3777 867 3830 eius
886 3774 1042 3830 condicione
1063 3774 1165 3829 reicere
1182 3789 1238 3829 non
1255 3773 1357 3829 dubito.
1377 3791 1379 3796 ·
