3442 5359
375 697 415 760 18
863 695 1015 750 Beermann

376 875 426 951 32,
453 883 477 935 3.
527 870 661 935 Formas
692 875 797 933 autem
831 887 914 950 quae
947 869 1097 950 leguntur
1128 866 1160 930 in
1195 864 1271 948 Oop.
1300 865 1359 929 K.·²
1388 863 1497 946 36¹’,e

374 965 539 1050 Στράτιον,
572 967 605 1030 in
637 965 731 1032 Oreh.
761 965 795 1031 Ο.
829 968 925 1045 1583,
948 977 980 1028 24
1017 961 1245 1047 Νικόστρατος
1279 960 1497 1045 Φιλοστράτω

378 1067 530 1148 Θειβεῖος
551 1063 705 1146 irrepenti
721 1062 888 1128 Attieismo
905 1062 1038 1128 tribuas.
1072 1063 1195 1127 Pariter
1210 1062 1344 1127 Lesbios
1361 1059 1499 1143 στρότος

376 1163 496 1229 dixisse
518 1168 626 1227 notum
644 1167 706 1244 est;
730 1161 906 1228 Thessalos
921 1167 1027 1226 autem
1043 1161 1076 1224 in
1099 1160 1161 1225 hoo
1176 1160 1332 1224 voeabulo
1350 1161 1400 1224 illi
1423 1160 1499 1225 offu-

375 1259 511 1326 scationi
533 1265 728 1341 temperasse
749 1257 913 1341 intellegis
935 1277 976 1323 ex
998 1255 1296 1337 Καλλιοτράτειος,
1319 1256 1498 1337 Στρατόνι-

376 1380 441 1435 κος,
464 1359 721 1437 Στρατονίκειος,
746 1376 828 1438 quae
851 1361 926 1422 sunt
941 1355 975 1419 in
990 1356 1037 1419 tit.
1054 1355 1240 1436 Pharsal.⁶l,
1264 1357 1372 1438 itaque
1394 1356 1498 1422 miuus

376 1461 461 1521 reete
483 1454 610 1520 Ahrens
632 1454 677 1529 (ll
701 1456 762 1518 529
784 1475 816 1518 n.
840 1458 870 1536 2,
896 1458 919 1527 l)
942 1455 1185 1534 στροταΙγέντος
1208 1454 1380 1538 supplevit.

461 1547 630 1633 πόρνοψ
659 1571 716 1633 pro
743 1546 883 1633 πάρνοψ
905 1570 975 1615 eum
998 1550 1123 1617 Lesbiis
1151 1551 1262 1616 dixere
1283 1550 1396 1616 Boeoti
1420 1557 1500 1617 teste

375 1649 534 1716 Strabone
556 1669 587 1731 p.
611 1651 688 1731 6133
711 1648 858 1714 Thessal.
882 1646 1018 1731 κόρνοψ,

458 1741 684 1827 Ὁμολώιος
716 1743 800 1821 Ζεύς
832 1745 867 1809 in
901 1746 1034 1812 Boeotia
1067 1754 1099 1812 et
1131 1746 1302 1812 Thessalia
1334 1748 1437 1812 cultus
1470 1753 1501 1812 et

300 1907 302 1912 ,
377 1845 416 1910 N.
440 1845 475 1909 P.
496 1837 677 1924 Ὁμολώιος
701 1861 799 1926 saepe
821 1862 989 1910 oeeurrens
1011 1844 1045 1908 in
1068 1844 1168 1909 titulis
1189 1844 1232 1909 ab
1256 1839 1387 1924 ὁμολός,
1416 1844 1500 1927 quod

376 1943 540 2010 Aeolicum
570 1950 702 2007 voeatur
730 1961 789 2024 pro
812 1935 951 2021 ὁμαλός,
983 1941 1192 2025 repetendum
1222 1940 1348 2006 videtur
1379 1940 1435 2005 διὰ
1463 1938 1500 2004 τὸ

377 2031 461 2121 παρ’
487 2035 653 2102 Αἰολεῦσι
681 2033 720 2101 τὸ
751 2033 966 2123 ὃμονοητικόν
994 2040 1046 2102 καὶ
1078 2037 1238 2124 εἰρηνικὸν
1270 2033 1391 2118 ὅμολον
1415 2039 1500 2121 λέγε·

367 2142 463 2202 Ἰσθαι
479 2135 580 2214 (Suid.
594 2142 625 2202 et
639 2135 731 2201 Pbot.
748 2156 773 2202 s.
789 2156 820 2201 v.
834 2131 1015 2218 Ὁμολώιος
1030 2135 1129 2220 Ζεύς,
1145 2137 1184 2203 ei.
1197 2137 1273 2202 Abr.
1289 2139 1304 2201 Ι
1321 2142 1361 2202 76
1378 2145 1443 2202 uot.
1461 2143 1500 2213 4).

377 2235 416 2300 Id
438 2235 465 2300 si
491 2240 576 2299 reete
604 2253 639 2300 se
668 2233 781 2316 babet,
812 2235 940 2300 Boeotis
968 2255 1093 2318 quoque
1123 2242 1155 2301 et
1184 2234 1351 2300 Thessalis
1380 2229 1501 2314 ὁμολός

376 2353 435 2416 pro
464 2324 588 2410 ὁμαλός
609 2331 845 2397 attribuendum
871 2340 928 2397 est.

463 2427 614 2510 Alioquin
637 2419 799 2493 Boeotio
827 2429 987 2512 integrum
1010 2437 1155 2511 servant,
1185 2436 1219 2493 ut
1241 2430 1273 2494 in
1297 2423 1375 2507 ἀνά,
1406 2432 1500 2497 Lesb.

377 2528 524 2593 Thessal.
549 2519 594 2600 ὂν,
621 2524 656 2589 in
677 2524 805 2610 γράφω,
834 2528 867 2591 in
891 2548 953 2610 quo
975 2547 1045 2593 oum
1068 2529 1177 2594 Lesbii
1199 2528 1392 2594 recentiores
1414 2532 1501 2605 (nam

377 2621 557 2707 γρόππατα
574 2623 675 2688 forma
694 2624 833 2689 Balbilla
851 2626 950 2689 utitur
964 2623 998 2690 O.
1014 2625 1065 2691 ΙΙΙ
1080 2630 1174 2706 4725,
1202 2639 1236 2689 ll.
1260 2629 1355 2707 4730,
1372 2634 1412 2702 14)
1436 2634 1501 2691 tum

378 2721 580 2788 Dorieusium
604 2721 752 2785 nonnulli
775 2722 988 2789 obeouriorem
1008 2744 1120 2789 sonum
1136 2724 1334 2789 adamabant
1356 2725 1407 2799 (of.
1423 2726 1499 2805 Abr.

377 2822 410 2885 ΙΙ
436 2823 512 2897 120;
542 2818 688 2901 Rangab.
710 2819 742 2883 ΙΙ
770 2840 800 2902 p.
825 2824 903 2904 4013
934 2821 1087 2903 Bursian,
1114 2822 1175 2886 Rb.
1195 2823 1240 2886 M.
1264 2820 1313 2886 IX
1337 2825 1415 2907 3333
1444 2823 1501 2887 K.²

378 2939 407 3001 p.
433 2922 491 2982 621
517 2937 547 2980 n.
576 2919 633 2988 12).

462 3016 497 3088 bl·
526 3014 635 3080 Boeot.
660 3035 677 3077 o
699 3043 742 3066 =
765 3037 788 3078 ε.

462 3109 641 3175 τόνθιον·
665 3109 758 3192 παρὰ
782 3108 925 3197 Κορίννῃ
949 3112 996 3191 (fr.
1013 3117 1076 3192 lo),
1100 3110 1159 3177 ἐπὶ
1181 3123 1338 3181 νωτιαίου
1361 3119 1391 3187 t?
1414 3141 1499 3183 νοτι·

376 3215 451 3290 βίον
481 3208 563 3286 eod.)
595 3212 698 3291 κρέως
725 3206 763 3270 τὸ
794 3203 899 3288 ὄνομα
931 3209 1070 3294 Hesyeh.
1118 3208 1294 3278 Τόν-θ-ων
1327 3217 1429 3281 refero
1458 3217 1500 3282 ad

376 3306 517 3371 radicem
539 3329 614 3386 ταμ,
639 3328 696 3386 rep
720 3305 753 3368 in
776 3301 892 3384 τέμνω,
917 3307 1003 3371 unde
1026 3307 1158 3398 deduxit
1176 3308 1302 3377 Curtius
1324 3315 1500 3391 (azabel)

250 3461 253 3467 ,
287 3479 289 3484 Ι
376 3400 514 3564 apo-dfe
542 3401 663 3479 „rodo“
692 3409 724 3466 et
755 3400 919 3488 τέν-θ-ης4
940 3405 1151 3493 „ligurritor“.
1203 3408 1255 3473 Ad
1288 3411 1499 3493 significatum

377 3520 415 3565 e.
438 3521 603 3579 τεμ-αχος.

463 3600 491 3674 o)
522 3595 632 3662 Boeot.
657 3619 674 3660 o
696 3626 739 3649 =
761 3621 789 3661 v.

462 3692 565 3780 Quam
587 3695 700 3761 ineerti
715 3695 830 3761 eoloris
849 3696 885 3760 in
909 3699 1072 3763 nonnullis
1093 3699 1188 3764 fuerit
1209 3725 1227 3762 v
1251 3703 1444 3769 elementum
1469 3714 1499 3772 et

377 3811 471 3874 quam
494 3811 595 3874 prope
618 3793 788 3859 accesserit
803 3793 844 3859 ad
862 3817 879 3857 ο
895 3796 1048 3878 vocalem,
1071 3795 1288 3880 intellegimus
1311 3820 1352 3866 ex
1375 3802 1499 3870 duabus

376 3889 517 3970 vocibus,
540 3889 574 3952 in
596 3890 711 3970 quibus
733 3914 751 3955 o
774 3912 831 3974 pro
853 3900 937 3958 vest
958 3895 1109 3978 positum:
1133 3894 1381 3980 §ripaeque-⁷)
1404 3899 1498 3966 Orob.

446 4049 466 4113 θ)
490 4048 590 4104 Editus
611 4049 646 4103 ab
671 4050 777 4121 Huzey‚
802 4052 932 4106 annuaire
957 4054 990 4107 de
1012 4053 1197 4108 l'association
1220 4072 1291 4124 pour
1313 4058 1497 4127 l'encourage·

376 4132 449 4182 ment
467 4128 513 4183 des
532 4126 626 4184 dtndes
643 4127 773 4200 grecques
789 4132 836 4196 ΙΙΙ,
855 4133 933 4186 Paris
955 4136 1027 4198 lese,
1046 4151 1072 4202 p.
1094 4139 1190 4203 lllsq.

446 4209 467 4273 ⁷)
494 4208 593 4278 Tituli,
617 4213 662 4278 qui
679 4213 832 4281 Σύμφορος
850 4214 981 4281 praebent
998 4214 1039 4268 vel
1057 4212 1216 4285 Σύνφορος,
1237 4233 1327 4272 omnes
1346 4220 1416 4275 imae
1434 4225 1498 4275 sunt

376 4288 473 4344 aetatis
491 4304 578 4358 neque
596 4292 740 4360 quidquam
757 4293 792 4347 ad
809 4309 866 4348 rem
883 4293 994 4349 faciunt.
