3442 5359
684 704 717 758 de
734 704 934 774 praepositione
951 703 1029 774 μετά.
1364 705 1424 770 161

382 872 642 958 μεταγράφω
665 876 904 951 „transscribo“
925 877 996 960 Iph.
1019 878 1058 941 A.
1086 881 1154 942 108.

382 969 658 1050 μεταλλάσσω
677 978 806 1048 „muto“
821 973 857 1038 fr.
875 977 953 1056 222;
978 975 1170 1058 26431113,
1194 975 1293 1060 Soph.
1309 976 1346 1042 fr.
1364 981 1425 1043 519

296 1076 438 1153 (trans.);
461 1070 499 1135 ir.
523 1073 596 1136 343Ι
619 1074 744 1153 (pass.i;
769 1074 846 1152 713,
872 1075 890 1134 2
914 1076 1046 1149 (trane).
1090 1072 1327 1159 μεταλλαγή
1350 1075 1427 1140 Eur.

297 1169 371 1234 Her.
395 1168 417 1232 f.
441 1170 521 1251 7653
545 1167 582 1233 ir.
606 1170 678 1248 332,
702 1170 738 1249 93
760 1167 859 1252 Soph.
882 1169 964 1233 Phil.
992 1173 1082 1234 1134.

381 1269 632 1348 μεταψαίρω
655 1270 846 1341 „1·em0veo“
869 1265 989 1332 Phoon.
1016 1269 1106 1331 1390.

382 1366 635 1442 μεταπίπτειν
659 1351 843 1445 „conoido“‚
868 1364 909 1430 de
935 1364 1062 1429 fortuna
1077 1366 1145 1428 Ale.
1163 1367 1242 1446 9123
1266 1366 1324 1431 Ion
1346 1370 1425 1448 4123

297 1461 367 1545 lph.
392 1462 430 1526 A.
455 1462 526 1524 502.
791 1528 794 1534 ,

382 1554 638 1637 μετεύχομαι
661 1558 769 1633 „aliud
792 1560 907 1643 oupio“
929 1557 1013 1624 Med.
1037 1563 1108 1625 600.

382 1653 625 1737 μεταβῦίνω
655 1655 825 1721 transitiva
846 1658 879 1721 vi
902 1656 998 1739 Hipp.
1025 1660 1105 1720 1292
1128 1655 1253 1742 πτηνὸς
1275 1655 1344 1722 ἅνω
1366 1682 1425 1738 με·

298 1751 403 1835 ,ταβάς
425 1755 549 1834 βίοτον.
593 1752 686 1818 Pind.
710 1751 758 1819 01.
781 1754 807 1832 Ι,
832 1756 872 1818 68
896 1753 1039 1831 δαμέντα
1062 1803 1094 1818 ..
1120 1751 1201 1820 ποτὶ
1223 1752 1318 1834 δῶμα
1339 1751 1424 1831 Διὸς

299 1849 495 1929 μεταβᾶσαι.
541 1847 644 1916 Garm.
667 1871 741 1934 pop.
767 1855 803 1914 tt
828 1851 924 1932 (ng')
948 1848 1234 1933 πόδαμετάβατε.

283 1946 286 1953 ’
384 1945 455 2012 Ηαα
483 1948 623 2030 pertinet
651 1948 747 2014 etiam
776 1949 832 2013 ille
864 1949 952 2014 vocis
984 1947 1225 2029 μεταλαμβάνω
1257 1969 1350 2029 usus,
1384 1947 1425 2015 de

299 2063 360 2126 quo
389 2063 488 2128 supra
516 2065 547 2128 p.
573 2049 632 2110 140
663 2046 788 2127 monui3
819 2045 978 2125 signifieat
1013 2046 1098 2111 enim
1128 2052 1325 2125 „eommuto‚
1360 2047 1430 2112 eine

299 2141 470 2220 tausohen,
499 2141 654 2224 andern“‚
678 2151 712 2207 ut
733 2143 815 2208 Plat.
838 2143 973 2209 Theaet.
996 2142 1090 2209 3550
1120 2140 1201 2207 ἄλλο
1224 2191 1233 2207 .
1256 2191 1264 2207 .
1288 2190 1296 2207 .
1321 2138 1426 2225 ὄνομα

300 2238 511 2323 μετείληφας
534 2241 635 2305 Thuo.
659 2241 712 2321 VI,
740 2244 787 2322 18,
811 2241 899 2305 alibi.

385 2337 518 2402 Prorsus
532 2338 695 2420 singulare
710 2346 757 2404 est
771 2341 940 2418 μετοικέω,
961 2338 1046 2420 quod
1061 2338 1103 2417 vi,
1123 2345 1158 2402 ut
1172 2338 1307 2421 videtur,
1324 2344 1426 2403 trane-

302 2433 458 2518 migrandi
488 2441 658 2518 usurpatur
680 2437 755 2500 Eur.
778 2435 874 2519 Hipp.
899 2439 961 2502 836
990 2434 1028 2500 τὸ
1057 2434 1140 2500 κατὰ
1167 2437 1228 2519 γᾶς
1249 2432 1357 2512 θέλω,
1389 2433 1427 2499 τὸ

301 2530 382 2597 κατὰ
414 2537 474 2616 γᾶς
509 2529 631 2616 κνέφας
658 2541 822 2612 μετοικεῖν
853 2530 959 2616 σκότῳ
988 2532 1103 2598 θανὼν
1136 2527 1153 2597 ὃ
1181 2531 1329 2610 τλάμων,
1365 2533 1438 2619 nisi·

302 2631 407 2713 potius
429 2628 530 2695 οἰκεῖν
552 2630 605 2695 hio
626 2630 825 2696 transitivam
848 2631 913 2694 vim
942 2630 1041 2696 habet
1069 2637 1101 2696 et
1122 2628 1205 2711 μετά
1234 2631 1333 2695 artius
1355 2650 1428 2695 oon·

302 2728 498 2811 iungendum
527 2733 577 2792 est
599 2746 671 2792 oum
700 2727 821 2810 σκότῳ,
854 2728 939 2810 quod
961 2727 1039 2793 mihi
1069 2728 1166 2794 otiam
1194 2728 1263 2793 veri
1292 2727 1428 2794 similius

303 2824 437 2891 videtur.
483 2827 532 2891 De
554 2829 798 2908 μεταίκησις
819 2845 850 2890 v.
874 2845 971 2908 supra
992 2846 1023 2907 p.
1048 2829 1098 2890 31.

386 2922 606 2987 Nomentum
629 2920 712 3003 μετά
734 2922 795 2988 hae
817 2924 848 2987 vi
871 2923 1090 3005 compositum,
1113 2919 1162 2986 oni
1190 2919 1274 3003 quod
1296 2939 1427 3003 respon·

303 3019 377 3087 doat
399 3020 531 3087 verbum
554 3039 619 3084 non
648 3019 774 3102 legitur,
798 3023 896 3085 unum
919 3019 1028 3085 inveni
1052 3016 1256 3100 μετάβουλας
1278 3017 1426 3094 „oonsilii
1521 3096 1523 3098 ¹

301 3121 449 3183 mutans“
471 3117 567 3183 Arist.
591 3117 669 3182 th.
686 3121 747 3183 632
771 3122 934 3198 (μέτοικος
956 3115 1094 3181 nominis
1115 3117 1148 3180 vi
1170 3115 1426 3197 transmigranti·

302 3214 376 3280 dieti
400 3216 583 3299 exemplum
605 3236 670 3280 non
698 3215 786 3298 legi).
830 3215 1028 3281 Adverbium
1051 3233 1069 3280 e
1092 3213 1191 3296 stirpe
1212 3212 1337 3278 verbali
1366 3212 1428 3277 for-

301 3319 421 3378 matum
444 3320 494 3378 ost
515 3309 703 3395 μετάκερας,
731 3312 836 3394 quode
858 3313 897 3378 ef.
920 3313 1052 3377 Lobeok
1074 3313 1190 3396 parali.
1213 3332 1243 3394 p.
1267 3314 1340 3376 223.

385 3411 551 3475 Postremo
580 3410 640 3475 hoo
668 3411 738 3475 looo
767 3409 1047 3476 oommemoranda
1075 3417 1148 3475 sunt
1177 3409 1335 3475 voeabula
1361 3428 1427 3473 rna-

301 3508 386 3572 xime
413 3508 599 3589 posterioris
622 3507 813 3573 Graecitatis
835 3526 890 3584 ea,
920 3509 953 3572 in
977 3508 1091 3589 quibus
1113 3509 1183 3572 sine
1210 3507 1306 3572 dubio
1335 3526 1427 3590 prae-

300 3603 452 3687 positioni
480 3602 562 3684 μετά
591 3605 674 3670 inest
702 3606 752 3670 vis
778 3604 885 3669 Latini
909 3615 984 3688 post
1013 3604 1054 3671 de
1081 3613 1224 3688 tempore
1254 3602 1344 3685 dioti3
1374 3603 1426 3670 hio

301 3700 429 3766 domum
460 3721 501 3768 ea
527 3702 643 3785 affero,
672 3702 748 3784 quia
776 3722 858 3785 quae
887 3703 948 3767 huo
976 3709 1124 3785 spectant
1149 3702 1250 3767 verba
1278 3702 1426 3767 omnibus

301 3800 365 3865 illis
388 3804 486 3866 antea
507 3798 650 3865 tractatis
671 3806 778 3865 aetate
799 3800 950 3867 inferiora
971 3807 1054 3866 sunt.
1099 3799 1180 3865 Sunt
1202 3805 1309 3864 autern
1332 3799 1425 3863 huius

301 3898 428 3978 generis
450 3896 563 3963 verba:
593 3895 830 3978 μεταδειτενέω,
857 3902 1039 3977 μεταπίνω,
1063 3899 1301 3975 μετακαταχέω,
1325 3918 1427 3975 μετα-

302 3992 498 4074 καταψὺχω,
527 3995 762 4075 μεταδέχαμαι,
794 3991 978 4074 μεταβιόω,
1002 3994 1067 4057 alia
1088 4013 1153 4056 non
1175 3993 1286 4056 multa.
1330 3991 1426 4056 Prae·

303 4098 390 4156 terea
412 4092 628 4174 subsanam,
659 4092 833 4171 adiectio,
863 4089 1019 4155 adverbia
1040 4108 1142 4171 pauoa
1169 4087 1231 4152 hue
1253 4087 1425 4171 pertinent,

305 4209 383 4270 quae
406 4209 471 4254 non
502 4188 631 4254 infimae
653 4197 777 4255 tantum
801 4186 992 4255 Graecitatis
1021 4192 1103 4251 sunt.
1149 4184 1212 4249 Vix
1234 4185 1318 4250 enim
1347 4192 1425 4267 puto

304 4285 335 4349 in
361 4283 623 4368 μεθύστερος
652 4285 881 4370 praepositioni
910 4284 1008 4350 aliam
1031 4283 1096 4347 vim
1118 4282 1224 4348 inesse
1254 4302 1366 4365 posse,
1395 4290 1427 4348 et

355 4383 471 4433 Comme,
487 4385 577 4427 Studien
590 4387 626 4426 lx.
1193 4386 1223 4436 11
