3442 5359
277 728 283 741 ι
301 692 362 754 122
820 697 918 751 Fnuck

300 890 420 954 genera
447 867 609 935 adverbiis
636 867 792 952 appositis
820 868 1053 952 significantur,
1089 870 1184 936 otiam
1213 871 1330 937 initium
1352 871 1389 936 uel

299 967 371 1033 finis
386 965 519 1032 alieuius
537 966 671 1032 actionis
694 965 836 1049 praefixo
852 964 1007 1032 adverbio
1023 967 1204 1033 indicetur?
1240 969 1319 1036 Nam
1330 967 1391 1036 tales

300 1064 435 1131 actionis
457 1064 628 1129 varietates
657 1083 727 1128 eum
756 1064 944 1147 plerumque
966 1066 1091 1131 variata
1117 1067 1310 1150 singulorum
1335 1071 1392 1132 tem-

300 1184 412 1247 porum
434 1161 534 1244 stirpe
555 1161 788 1245 exprimantur,
817 1166 924 1226 tamen
946 1181 1012 1228 non
1034 1183 1161 1247 semper
1182 1165 1278 1249 plene
1297 1170 1326 1231 et
1342 1181 1393 1248 per·

299 1260 381 1327 fecte
402 1260 449 1325 ita
470 1257 604 1324 indicari
627 1265 762 1343 possunt
776 1257 886 1341 itaquo
901 1265 968 1324 tum
990 1267 1045 1325 aut
1067 1259 1155 1325 aliud
1170 1262 1310 1343 verbum,
1331 1257 1394 1344 qnod

299 1358 435 1423 fortasse
457 1356 588 1440 propius
611 1355 654 1420 ad
681 1356 731 1438 id,
755 1356 840 1439 quod
862 1356 1071 1424 indicandum
1094 1365 1178 1440 erat,
1201 1359 1336 1442 accedat,
1353 1377 1394 1442 po·

300 1453 442 1522 nendum
465 1461 522 1532 est,
545 1460 601 1518 aul
622 1453 686 1518 alio
709 1454 803 1519 modo
826 1453 888 1538 ipsi
910 1455 1031 1522 formae
1045 1457 1136 1521 verbi
1158 1456 1280 1540 aliquid
1300 1455 1394 1522 adlen-

300 1553 376 1618 dum
399 1559 462 1634 est,
494 1570 556 1633 quo
578 1552 740 1617 sententia
768 1553 947 1618 accuratius
978 1552 1156 1620 definiatur.
1201 1555 1244 1620 Et
1271 1555 1327 1621 hoc
1342 1554 1394 1636 ipso

300 1651 434 1716 consilio
457 1649 712 1733 praepositiones
726 1650 760 1715 in
776 1650 884 1715 verbis
906 1671 1003 1734 supra
1025 1651 1134 1717 allatis
1149 1659 1225 1718 sunt
1245 1652 1393 1736 appositae.

301 1749 394 1828 Nam,
419 1754 453 1812 ut
475 1747 631 1830 exemplis
653 1765 720 1812 rem
743 1747 910 1830 illustrem,
934 1749 961 1815 si
983 1748 1053 1832 quis
1075 1771 1139 1815 uno
1161 1751 1261 1817 verbo
1283 1750 1394 1816 dicturus

301 1866 335 1911 se
357 1846 408 1911 vel
432 1864 576 1911 somnum
600 1864 730 1929 capere,
754 1846 807 1912 vel
831 1866 848 1913 e
871 1867 983 1913 somno
1006 1846 1161 1929 evadere,
1186 1849 1239 1914 vel
1263 1847 1303 1914 ad
1323 1845 1423 1910 finem-

301 1943 448 2025 dormire,
471 1944 634 2008 notionem
657 1944 760 2008 somni
783 1965 847 2010 non
863 1945 932 2010 vult
954 1945 1109 2026 omittere,
1133 1945 1223 2011 nullo
1241 1944 1327 2011 verbi
1345 1942 1395 2007 dor·

301 2040 422 2106 miendi
444 2046 587 2124 tempore
616 2040 676 2105 hoo
697 2042 750 2107 vel
779 2041 860 2107 illud
881 2041 1027 2109 indicare
1048 2050 1169 2126 potest,
1199 2043 1258 2110 sed
1276 2047 1326 2107 aut
1344 2057 1394 2105 sen-

301 2139 432 2204 teutiam
470 2137 516 2204 ita
549 2137 631 2222 fere,
668 2145 702 2202 ut
734 2138 892 2219 indicavi,
932 2141 1211 2207 circumlocutione
1245 2140 1394 2225 exprimere

301 2236 439 2318 cogitur,
468 2242 584 2300 aut-
609 2243 640 2300 el
669 2236 749 2302 haec
779 2237 909 2320 quidem
936 2237 1019 2303 ratio
1047 2239 1286 2323 simplicissima
1308 2243 1394 2302 est-

300 2333 469 2399 formanda
484 2339 557 2399 sunt
571 2335 756 2416 composita,
781 2342 814 2400 ut
830 2334 999 2408 obdormio,
1021 2336 1223 2420 ciascblafma
1247 2328 1393 2423 ἇφυπνόα,

301 2432 457 2505 edormio,
487 2429 695 2514 ousscblusca.
741 2432 844 2498 Simili
867 2432 963 2498 modo
986 2435 1041 2499 ubi
1063 2435 1134 2516 quis
1162 2455 1226 2501 uno
1250 2435 1341 2501 verbo
1360 2447 1395 2494 su·

301 2530 366 2594 bito
395 2548 508 2594 sonum
538 2529 698 2611 quendam
727 2529 848 2595 editum
878 2551 949 2597 esse
976 2530 1119 2597 indicare
1140 2532 1227 2615 vult,
1257 2527 1395 2616 aptissime

300 2627 361 2691 hoc
384 2646 421 2692 eo
443 2624 491 2708 fit,
522 2633 556 2690 ut
578 2628 772 2711 praepositio
796 2625 830 2692 ἐκ
852 2627 1045 2712 praefigatur
1067 2629 1174 2697 verbis
1203 2626 1311 2714 βοάω,
1338 2631 1396 2711 (lav-

299 2722 432 2806 χάσμαι,
455 2721 571 2806 ystrio,
595 2724 761 2807 similibus,
785 2746 848 2808 qua
870 2727 1022 2793 adiuncta
1044 2733 1076 2793 et
1098 2728 1287 2796 brevissime
1307 2733 1336 2794 et
1352 2723 1397 2790 cla·

300 2823 424 2890 rissime
452 2844 564 2889 sonum
587 2822 677 2887 illum
707 2823 798 2905 quasi
828 2843 995 2908 erumpere
1018 2844 1035 2890 e
1057 2823 1187 2891 silentio
1213 2825 1398 2910 significaturi

299 2942 429 3006 prorsus
453 2921 595 2987 eiusdem
625 2921 753 3003 generis
783 2927 831 2987 est
853 2922 1003 2986 Latinum
1026 2922 1223 2998 eaelumcre,
1255 2943 1292 2990 ae
1312 2916 1398 3007 paullo

300 3028 424 3087 tantum
453 3018 581 3085 diversa
610 3025 720 3084 nostra
742 3019 842 3083 verba
870 3020 1042 3094 loslactcu,
1072 3019 1276 3102 losscbrcica,
1304 3020 1400 3104 quippe

300 3119 415 3201 quibus
447 3135 558 3182 vocem
593 3116 711 3182 diutius
746 3136 926 3201 repressam
960 3124 1092 3202 repente
1124 3118 1227 3184 emitti
1259 3119 1403 3185 indicetur.

301 3216 447 3281 Eandem
474 3214 539 3280 fere
562 3213 824 3296 significationem
848 3235 907 3282 nos
929 3236 969 3282 ea
990 3235 1116 3299 quoque
1138 3217 1193 3283 via
1215 3218 1403 3302 assequimur,

300 3321 334 3378 ut
355 3312 462 3401 verbis
484 3310 582 3377 simili
604 3311 735 3377 notione
755 3313 918 3380 instructis
948 3314 1219 3397 praepositionem
1249 3315 1316 3400 uus
1333 3329 1405 3400 prae·

300 3409 450 3492 figamus,
487 3428 552 3490 qua
582 3408 797 3475 sublationem
829 3410 920 3494 quasi
956 3411 1026 3478 soni
1058 3410 1237 3479 indicemus
1270 3412 1321 3490 (ci.
1350 3405 1407 3492 uas·

299 3507 450 3579 sclrrciea,
474 3505 657 3592 oustuclreo),
681 3508 838 3591 parilique
860 3508 956 3575 modo
979 3508 1095 3575 Graeci
1120 3509 1248 3576 adnexo
1270 3506 1408 3577 adverbio

301 3599 364 3668 ἀνά
385 3603 418 3668 in
441 3595 612 3686 ἇναβοάω,
644 3596 827 3684 ἀναστένω,
857 3598 1059 3684 ἆνολολύζω,
1087 3607 1161 3674 aliis
1183 3609 1271 3675 vocis
1295 3613 1410 3674 eonten-

300 3703 420 3767 tionem
443 3701 533 3783 quasi
556 3708 631 3768 ante
654 3705 762 3770 oculos
784 3711 922 3789 ponunt,
954 3724 1049 3787 quam
1071 3705 1176 3771 minus
1199 3705 1349 3772 distincte
1369 3723 1413 3771 er·

299 3822 443 3887 pressam
460 3800 556 3865 etiam
572 3798 604 3865 in
623 3800 746 3867 Latinis
761 3803 869 3868 verbis
884 3804 1047 3885 icrpcmere,
1071 3803 1245 3881 increpare,
1270 3805 1411 3874 intonare,

300 3901 373 3966 aliis
404 3898 568 3966 sentimus.
615 3898 714 3964 Vides
743 3906 848 3992 autem
873 3901 971 3965 verba
997 3900 1098 3965 allata
1121 3918 1316 3984 quamquam
1345 3918 1413 3968 sane

301 3997 429 4064 diversa
450 4003 525 4062 sunt
546 3997 688 4062 averbis
703 3996 830 4079 talibus,
855 3997 964 4078 qualia
979 4005 1052 4064 sunt
1075 3989 1260 4078 ἇποβαίνω,
1285 3997 1413 4073 inulto,

300 4092 495 4176 ἀνίσταμαι,
525 4101 632 4160 tamen
661 4094 904 4160 similitudinem
933 4095 1093 4178 quandam
1118 4095 1202 4161 inter
1224 4115 1264 4161 ea
1291 4097 1416 4163 interce·

301 4191 392 4275 dere3
421 4212 496 4256 nam
526 4191 559 4256 in
589 4192 638 4257 bis
660 4212 786 4275 quoque
813 4192 939 4257 initium
968 4213 1072 4258 novae
1095 4193 1231 4260 actionis
1260 4196 1415 4281 praeposi·

300 4288 550 4355 tioneindicari
574 4296 693 4373 potest,
723 4310 805 4372 quae
827 4297 935 4357 tamen
958 4310 1022 4355 non
1046 4290 1114 4356 sola
1137 4310 1241 4374 neque
1271 4293 1416 4376 primaria
