3442 5359
297 748 359 811 128
815 749 914 803 Funck

296 925 358 989 huc
391 930 467 989 ante
503 922 610 988 omnia
646 928 710 987 tres
745 922 807 986 loci
840 921 1016 1001 Homerici,
1054 940 1187 1003 quorum
1220 919 1326 1002 primus
1350 915 1389 980 oct

299 1025 329 1084 Β
354 1025 429 1086 143:

345 1153 389 1233 ὣς
413 1153 511 1240 φάτο,
535 1163 624 1219 τοῖσι
648 1153 683 1218 δὲ
706 1151 818 1236 θυμὸν
842 1151 889 1218 ἐνὶ
913 1150 1096 1240 στήθεσσιν
1121 1148 1227 1236 ὄρινεν

342 1256 429 1318 πᾶσι
450 1250 533 1335 μετὰ
555 1247 700 1336 πληθύν,
725 1246 800 1317 ὅσοι
823 1245 859 1316 οὐ
884 1251 1004 1335 βουλῆς
1027 1249 1225 1331 ἐπάκουσαν,

251 1430 254 1436 ·
300 1408 355 1472 ubi
377 1407 477 1473 verba
506 1403 589 1488 μετὰ
612 1403 746 1489 πληθύν
774 1406 962 1488 plerumque
990 1425 1061 1471 cum
1092 1405 1178 1468 πᾶσι
1201 1406 1353 1472 coniuncta
1367 1399 1400 1463 in

301 1506 385 1570 hunc
399 1503 529 1570 modum
551 1504 768 1587 explicantur:
792 1522 924 1580 „omnes
940 1503 993 1585 qui
1008 1503 1221 1569 versabantur
1241 1503 1317 1569 inter
1335 1495 1402 1564 nul·

303 1600 502 1684 titudinem“‚
531 1621 570 1667 ac
598 1601 725 1667 videtur
753 1601 834 1665 haec
864 1619 943 1666 sane
971 1600 1209 1683 simplicissima
1235 1601 1294 1666 loci
1319 1593 1405 1681 expli·

302 1699 398 1765 candi
420 1700 502 1764 ratio
532 1718 602 1765 esse
625 1699 760 1777 (Schol.:
791 1695 865 1762 ἀντὶ
893 1699 951 1762 τοῦ
982 1696 1015 1762 ἐν
1045 1700 1092 1781 τῷ
1122 1696 1267 1783 πλήθει,
1295 1687 1403 1784 ήκατὰ

302 1794 341 1861 τὸ
364 1795 519 1878 πλῆθος).

389 1912 480 1977 Alter·
502 1913 591 1976 locus
613 1909 729 1992 legitur
750 1913 770 1971 I
791 1914 846 1973 54:

350 2062 501 2145 Τυδείδη,
526 2059 604 2146 πέρι
626 2061 685 2143 μὲν
709 2060 845 2145 πολέμῳ
870 2059 918 2124 ἔνι
940 2059 1095 2143 καρτερός
1119 2059 1202 2139 ἐσσι,

349 2162 401 2226 καὶ
424 2161 527 2245 βουλή
549 2156 783 2240 μεταστάντας
807 2152 966 2244 ὁμήλικας
989 2158 1091 2225 irriso
1115 2155 1260 2242 ἄριστος,

307 2297 357 2363 cui
379 2296 503 2362 accedit
525 2299 636 2362 tertius
658 2297 746 2363 locus
769 2296 951 2362 simillimus
973 2319 1001 2359 ιτ
1024 2299 1101 2361 419:

347 2425 493 2496 Ἀντίνο’
518 2426 612 2514 ὕβριν
636 2429 724 2512 ἐ’χων,
749 2431 960 2518 κακομήχανε,
985 2433 1038 2497 καὶ
1063 2431 1098 2496 δέ
1121 2435 1159 2495 σε’
1181 2452 1283 2515 φασιν

352 2529 385 2594 ἓν
409 2527 499 2614 δήμῳ
520 2523 649 2613 Ἰθάκης
671 2525 754 2611 μεθ’
780 2526 939 2614 ὁμήλικας
961 2526 1061 2612 ’ἑμμεν
1084 2525 1221 2614 ἄριστον

351 2627 454 2714 βουλῇ
477 2625 531 2692 καὶ
553 2625 704 2711 μύθοισι.

311 2765 360 2831 De
389 2766 439 2830 his
462 2764 590 2847 quidem
618 2767 697 2832 locis
720 2766 775 2830 vix
803 2763 892 2831 ali'ud
922 2767 1090 2848 quicquam
1119 2764 1181 2830 dici
1208 2769 1314 2848 potest
1334 2770 1420 2844 quarn

311 2863 380 2944 hoc,
404 2863 619 2928 accusativum
649 2864 746 2946 plane
769 2863 883 2929 eadem
906 2865 952 2947 vi,
983 2885 1047 2946 qua
1068 2865 1253 2946 ceteroquin
1282 2860 1423 2928 dativum,

311 2979 380 3025 cum
403 2957 486 3040 μετά
508 2963 710 3027 coniunctum
734 2981 805 3028 csse
826 2963 936 3042 itaque
957 2963 1118 3044 pertinere
1140 2964 1291 3046 exempla
1312 2950 1421 3028 illaad

310 3059 485 3123 accusativi
506 3081 597 3126 usum
620 3061 811 3140 liberiorem,
838 3080 901 3141 quo
924 3059 1007 3124 hunc
1029 3079 1138 3126 casum
1161 3062 1336 3143 posteriore
1356 3053 1423 3124 tem·

312 3176 390 3238 pore
419 3157 521 3238 magis
550 3158 716 3240 magisque
744 3158 777 3221 in
807 3157 941 3222 aliorum
971 3178 1101 3223 casuum
1130 3159 1235 3222 locum
1265 3158 1419 3225 succedere

313 3253 468 3318 videmus.
506 3253 596 3319 Idem
618 3255 687 3319 iure
708 3254 829 3320 iudicat
843 3256 1059 3321 Mommsenus
1082 3259 1125 3338 (p.
1142 3258 1194 3332 30)
1218 3256 1259 3322 de
1277 3257 1422 3321 locutione

313 3344 400 3429 ἔχειν
424 3346 506 3429 μετὰ
526 3359 653 3432 χεῖρας,
684 3372 765 3434 quae
788 3352 874 3435 apud
899 3352 1070 3417 Homerum
1093 3353 1236 3417 nondum
1264 3353 1423 3428 invenitur,

316 3447 372 3512 sed
395 3448 511 3529 legitur
539 3448 627 3531 apud
650 3449 847 3515 Herodotum
871 3450 948 3529 VII,
975 3453 1013 3514 16
1022 3498 1030 3530 ‚
1060 3450 1286 3534 Thucydidem
1309 3452 1342 3534 1,
1368 3450 1426 3528 138,

314 3545 387 3610 aliis
409 3543 519 3609 multis
541 3547 634 3629 locis3
659 3547 817 3613 Homerus
838 3549 967 3630 saepius
990 3548 1088 3612 habet
1108 3546 1191 3628 μετὰ
1205 3554 1326 3630 χερσιν,
1351 3549 1429 3615 velut

315 3649 354 3706 A
377 3648 395 3706 4
419 3641 582 3722 πολέμοιο
598 3647 694 3726 τέρας
708 3643 792 3725 μετὰ
812 3644 922 3727 χερσὶν
941 3641 1096 3725 ἔχουσαν,
1124 3638 1182 3710 184
1206 3641 1260 3726 ἔχε
1283 3643 1317 3711 δ’
1344 3640 1431 3712 ἀστι-

316 3737 422 3824 ροντὴν
444 3738 528 3821 μετὰ
552 3738 670 3823 χερσίν.

401 3841 493 3906 Alius
521 3841 695 3907 accusativi
732 3861 750 3907 c
782 3841 1020 3924 praepositione
1052 3839 1136 3922 μετά
1163 3842 1339 3925 pendentis
1368 3858 1435 3908 usus

316 3960 381 4003 non
404 3938 508 4004 minus
537 3939 634 4004 mirus
660 3938 895 4021 quodammodo
924 3941 1103 4021 explicatur
1131 3940 1285 4021 analogia
1313 3941 1437 4024 linguae

318 4036 469 4119 Latinee3
491 4057 566 4101 narn
582 4036 663 4102 sicut
678 4037 722 4100 ibi
745 4037 904 4119 particula
919 4037 1010 4110 inter,
1035 4055 1117 4118 quae
1138 4036 1205 4102 iere
1221 4037 1346 4104 Graeco
1362 4033 1437 4118 μετά

318 4134 499 4217 respondet,
522 4154 593 4198 cum
616 4135 797 4200 accusativo
821 4134 1031 4217 coniungitur,
1056 4154 1117 4216 quo
1140 4134 1173 4198 in
1200 4155 1260 4200 usu
1282 4136 1439 4201 interdum

319 4231 383 4294 vim
406 4232 505 4296 nostri
528 4233 724 4309 „wahrenffl
746 4232 893 4315 accipere
915 4232 997 4298 solet
1020 4231 1068 4308 (cl.
1092 4234 1333 4305 internectere,
1364 4235 1441 4296 ιἰιιον

320 4349 440 4403 cenom,
471 4330 562 4412 alia),
592 4332 636 4395 ita
665 4329 748 4410 μετά
773 4349 1001 4412 nonnunquam
1024 4331 1085 4394 lrao
1107 4331 1140 4394 vi
1161 4338 1349 4414 usurpatum
1373 4351 1439 4398 cum
