3442 5359
625 711 657 765 de
675 712 875 781 praepositione
892 711 970 780 μετά.
1304 709 1361 770 151

274 883 393 966 :ampla
424 882 555 947 exhibet
584 883 679 948 haec:
721 889 747 946 1.
777 903 848 948 cum
877 883 1058 948 accusativo
1089 884 1134 949 rei
1163 884 1365 950 coniunctum

274 978 358 1062 gitur
388 984 652 1061 μετέρχομαι
681 979 751 1062 Iph.
782 983 818 1045 Τ.
852 985 890 1043 14
928 979 1038 1044 θέλων
1069 1030 1075 1044 .
1101 1030 1107 1043 .
1133 1029 1140 1044 .
1170 979 1246 1058 τοὺς
1275 976 1366 1063 όβρι·

274 1081 387 1153 terrac
410 1075 535 1160 γάμους
554 1069 680 1157 Ἑλένης
702 1076 893 1160 persidam
925 1077 961 1141 fr.
987 1081 1025 1142 83
1053 1075 1094 1140 τὰ
1116 1078 1181 1141 τῶν
1205 1076 1364 1143 τεκόντων

274 1197 281 1249 r
319 1179 512 1256 μετέρχεται
551 1171 632 1249 θεὸς
665 1172 845 1255 μιάσματα.
893 1178 922 1238 2.
956 1181 1129 1256 μέτειμι
1166 1175 1266 1240 Andr.
1304 1181 1365 1243 260

274 1268 357 1350 οάζ’,
383 1269 525 1355 αἱμάτοο
548 1273 632 1348 θεᾶς
654 1271 766 1354 βωμὸν
794 1268 810 1356 ἢ
834 1270 963 1352 μέτειοί
979 1292 1015 1336 σε
1038 1272 1234 1348 („bestrafen
1251 1274 1365 1350 vvird“)

274 1369 448 1435 niunctum
471 1377 519 1435 est
541 1389 611 1435 cum
634 1370 702 1436 solo
725 1370 908 1435 accusativo
936 1388 1102 1454 personae.
1148 1373 1176 1433 3.
1206 1371 1366 1446 sociantur

274 1475 323 1532 ter
349 1487 387 1533 se
409 1467 611 1533 accusativus
642 1468 687 1534 rei
718 1476 749 1534 et
778 1485 936 1552 personae
966 1466 1113 1549 punitae:
1152 1465 1205 1531 Or.
1229 1471 1290 1532 423
1321 1465 1366 1546 ὡς

275 1563 318 1645 χό
343 1561 565 1648 μετῆλθόν
597 1560 632 1628 o'
658 1558 740 1645 αἷμα
762 1568 902 1648 μητέρος
925 1567 1021 1645 δεαί;
1052 1561 1140 1647 Gycl.
1164 1567 1225 1629 280
1248 1564 1365 1649 μετηλ-

274 1658 328 1728 εθ)
355 1657 510 1744 ἁρπαγὰς
533 1655 706 1728 ...Ἰλίου
730 1659 839 1738 πόλιν,
865 1662 918 1725 ubi
943 1661 1143 1726 accusativus
1166 1662 1211 1727 rei
1233 1663 1364 1730 liberius

274 1760 408 1844 positus
430 1760 557 1825 videtur
578 1760 621 1825 ad
644 1779 769 1844 poenae
792 1779 921 1824 eausam
944 1757 1122 1823 accuratius
1141 1756 1364 1826 definiendam.

290 1857 532 1939 coniunguntur
547 1858 745 1923 accusativus
767 1876 925 1941 personae
949 1863 980 1921 et
995 1856 1048 1937 qui
1071 1855 1184 1921 dicitur
1207 1858 1366 1924 interioris

274 1956 374 2021 deuii:
398 1955 515 2020 Bacch.
532 1959 593 2020 346
616 1956 676 2041 τῆς
699 1956 759 2040 σῆς
784 1947 814 2017 δ’
842 1949 956 2028 ἀνοίας
979 1952 1074 2036 τηνδε
1094 1951 1151 2017 τὸν
1167 1953 1364 2021 διδάσκαλον

274 2076 333 2137 κην
363 2056 555 2134 μέτειμι;
588 2057 648 2116 517
681 2045 762 2134 ἀτάρ
790 2073 843 2116 τοι
873 2043 974 2114 τῶνδ’
1008 2043 1125 2115 ἄποιν’
1155 2048 1364 2136 ὑβρισμάτων

274 2153 414 2214 έτειοι
436 2147 652 2226 Διόνυσός
683 2172 728 2213 οε.
776 2155 804 2213 5.
835 2150 921 2214 solus
951 2149 1152 2214 accusativus
1181 2151 1365 2233 posterioris

274 2247 370 2314 rueris
392 2247 553 2313 invenitur
568 2246 684 2312 Aesch.
701 2246 778 2312 Oh0.
795 2249 857 2312 988
882 2239 927 2320 ιός
949 2238 1041 2308 τόνδ’
1068 2243 1128 2328 ἐγώ
1151 2248 1364 2333 μετῆλθον

274 2344 376 2420 δίκαις
409 2341 512 2424 μόρον
545 2343 601 2408 τόν
631 2342 770 2428 μητρός,
806 2343 860 2409 ubi
894 2349 1002 2407 tamen
1037 2343 1207 2429 μετῆλθον
1238 2346 1365 2428 passivo

274 2463 337 2509 usu
360 2461 530 2524 poenam
553 2442 754 2507 subeundi
777 2439 998 2523 accipiendum
1022 2449 1080 2507 est.

326 2539 470 2605 Pertinet
502 2540 563 2603 huc
592 2540 688 2604 etiam
717 2539 849 2613 verbum
883 2537 1192 2619 μεταδρομεῖν,
1226 2562 1246 2605 a
1278 2541 1366 2606 cuius

274 2641 340 2721 irpe
370 2637 557 2702 derivantur
584 2636 817 2702 substantivum
847 2635 976 2713 μεταδ
983 2658 1027 2717 ρο
1035 2635 1104 2723 μή,
1134 2638 1220 2720 quod
1249 2639 1365 2721 legitur

274 2734 411 2817 1r.Iph.
435 2737 472 2798 Τ.
496 2737 554 2798 941
587 2732 811 2814 μεταδρομαῖς
833 2727 983 2813 Ἐρινύων
1011 2726 1227 2818 ἠλαυνόμεδα
1255 2734 1364 2808 (etiam

274 2833 327 2899 »ud
356 2833 637 2915 Xenophontem),
670 2831 863 2896 adiectivum
893 2828 1161 2915 μετάδρομοςεῖ
1189 2832 1293 2914 ipsum
1324 2831 1364 2898 de

274 2930 327 2996 iris
364 2928 481 2995 dictum
513 2929 612 3012 Soph.
644 2928 693 2994 El.
728 2931 806 2993 1387
845 2928 1128 3012 πανουργημάτων
1162 2927 1365 3010 μετάδρομοι

274 3051 343 3106 τες,
368 3027 556 3093 adverbium
577 3023 911 3108 μεταδρομάδην
935 3027 972 3090 Il.
995 3029 1024 3089 E
1046 3029 1085 3090 80
1109 3023 1261 3107 πρόσθεν
1285 3025 1363 3090 ἕθεν

274 3122 408 3208 εόνοντα
439 3123 690 3209 μεταδρομάδην
725 3116 821 3188 ’ἔλοπ’
855 3111 954 3204 ὦμον.
1007 3123 1084 3188 Voci
1117 3121 1363 3210 μεταδρομη

274 3223 346 3290 mile
361 3223 466 3304 estid,
491 3221 576 3305 quod
591 3223 693 3287 solum
716 3223 789 3287 hnic
805 3221 902 3286 classi
918 3220 1154 3286 attribuendum
1177 3229 1226 3287 est
1248 3241 1365 3286 nomen

274 3341 311 3386 :m
340 3316 424 3399 μετά
455 3321 679 3402 compositum,
710 3319 901 3384 vocabulum
929 3318 1121 3398 μέθοδος
1150 3318 1237 3402 apud
1264 3319 1365 3402 philo-

274 3418 361 3503 phos
380 3418 631 3496 usitatissimum,
655 3417 742 3482 unde
757 3415 944 3480 derivantur
965 3414 1155 3496 μεθοδικάς,
1179 3413 1364 3496 pecoroso,

275 3516 324 3598 ia3
358 3517 488 3598 proprio
522 3535 618 3581 sensu
652 3521 836 3596 usurpatum
869 3512 996 3579 videtur
1033 3515 1103 3579 loco
1137 3516 1170 3579 in
1204 3515 1315 3581 lexicis
1348 3535 1366 3581 e

274 3613 345 3678 lida
367 3613 483 3677 allato:
505 3610 653 3691 μέθοδον
678 3613 858 3675 ποιεῖοδαι
880 3611 940 3695 τῆς
963 3607 1108 3696 νύμφηςε
1133 3611 1250 3678 deinde
1268 3612 1364 3694 vulgo

274 3708 402 3794 gnificat
424 3710 793 3792 perscrutationem
816 3709 878 3788 rei,
903 3728 997 3789 quam
1022 3710 1092 3790 quis
1114 3728 1284 3791 aggressus
1307 3716 1364 3788 est,

279 3857 288 3890 ‚
325 3826 410 3890 quae
439 3805 515 3872 iude
543 3807 635 3872 fluxit
664 3807 726 3883 vis,
762 3806 964 3871 rationem
999 3806 1073 3870 talis
1105 3805 1365 3889 perscrutationis
1468 3879 1471 3889 Δ

274 3904 426 3978 rectore).
477 3905 622 3987 Apparet
657 3912 764 3970 autem
801 3902 930 3967 omnino
964 3921 1074 3966 vocem
1111 3897 1210 3977 ὁδός
1241 3903 1302 3967 hac
1334 3902 1366 3966 vi

274 4024 313 4068 rm
330 4001 570 4084 praepositione
584 3999 667 4082 μετά
683 4001 830 4083 componi
846 4019 910 4064 non
926 3999 1077 4081 potuisse,
1101 4001 1128 4065 si
1144 3999 1245 4065 solum
1261 4001 1298 4063 vi
1308 4019 1365 4063 am

280 4098 511 4184 gnificaret
547 4118 606 4163 nec
639 4100 733 4166 simui
766 4103 850 4162 esset
884 4115 1001 4161 nomen
1034 4096 1168 4162 actionis
1201 4097 1366 4164 itineris

274 4196 375 4263 >tione
396 4195 592 4260 instructum.

329 4294 429 4359 Notio
464 4293 575 4358 eadem
611 4299 659 4360 est
690 4294 780 4359 verbi
808 4285 1050 4373 μοτολλδω;
1084 4309 1157 4354 nam
1192 4291 1270 4358 satis
1298 4292 1364 4357 veri
