3442 5359
269 773 270 776 ,
383 717 423 778 ld
558 738 560 741 ·
778 777 780 781 ,
865 720 1017 776 Beermann

468 891 541 977 lion
570 898 737 958 servarunt
766 916 787 959 οι
816 892 928 956 Boeoti
959 892 993 957 in
1020 893 1138 959 dativis
1168 893 1212 975 pl.
1241 893 1275 957 in
1302 915 1394 957 -εσσι
1427 896 1502 972 (tab.

382 989 509 1054 Heracl.
532 995 656 1071 -ασσι),
679 990 714 1054 in
737 993 827 1074 φέρω
851 991 970 1074 Theop.
995 993 1034 1055 D.
1057 995 1108 1073 25,
1134 1002 1161 1053 re
1189 992 1291 1070 (Loci.
1316 990 1442 1075 φάρω),
1472 994 1505 1057 in

383 1089 526 1170 στρέφω,
549 1087 808 1168 accommodae
831 1088 952 1154 Lebad.
976 1089 1035 1153 Κ.2
1050 1092 1116 1180 350,
1134 1102 1147 1148 7
1170 1089 1258 1166 (Dur.
1275 1088 1426 1173 στράφω)
1446 1097 1505 1156 etc.

467 1197 500 1274 b)
531 1196 685 1261 Boeoto
707 1227 750 1249 =
773 1220 800 1261 o.

467 1290 610 1359 σίκατι
632 1297 662 1375 (ξ
687 1299 725 1359 10
749 1296 781 1359 lI
802 1295 831 1359 A
854 1317 875 1360 a
898 1304 955 1378 10);
983 1298 1047 1361 Att.
1071 1295 1192 1373 ε’ίκοσι,
1217 1298 1292 1364 Dor.
1314 1301 1434 1361 νίκανι.

383 1415 386 1418 ’
469 1389 683 1457 decedatur
706 1391 988 1476 0.1569·‚as.so;
1012 1395 1087 1458 Dor.
1104 1417 1220 1470 -ασιοι,
1245 1395 1360 1460 Arcad.
1385 1417 1504 1471 -ασιοι,

382 1494 476 1560 Lesb.
500 1494 569 1558 Ion.
591 1491 658 1555 Ati.
685 1511 801 1554 -σσιοι.
927 1479 933 1489 ’

510 1646 555 1721 ΙΙ)
589 1667 612 1707 ε.

467 1770 499 1842 a)
536 1763 646 1828 Boeot.
670 1785 685 1826 ε
706 1790 750 1813 =
771 1784 802 1826 α.

468 1862 557 1928 Haec
579 1884 600 1924 α
622 1859 774 1926 elementi
795 1858 974 1923 imminutio
997 1858 1030 1922 in
1053 1850 1211 1925 rocabulo
1233 1866 1319 1925 certe
1349 1858 1507 1943 θέροσς

382 1981 441 2044 pro
464 1959 594 2041 volgato
611 1954 740 2038 θάρσος
755 1975 831 2022 vere
845 1955 978 2021 Aeolica
998 1955 1096 2022 fuisse
1110 1957 1252 2042 videtur3
1277 1961 1400 2039 θέρσσς
1424 1959 1508 2024 enim

382 2065 417 2122 ut
439 2064 487 2124 est
509 2056 698 2123 Lesbiorum
724 2055 813 2130 (Ahr.
836 2056 851 2119 Ι
875 2059 926 2132 75)
955 2052 1116 2120 Arcadum
1139 2054 1327 2140 cypriorum
1356 2055 1507 2137 (Gelbke,

382 2154 522 2221 stud.·11
541 2158 590 2231 14)
612 2153 840 2218 Thessalorum
856 2153 1067 2237 (Θέρσιππος
1087 2153 1121 2218 in
1136 2172 1265 2218 nummo
1281 2175 1333 2237 ap.
1352 2153 1507 2235 Mionnet,

382 2254 488 2337 suppl.
504 2252 555 2316 Ill
577 2273 607 2335 p.
625 2254 711 2331 227),
732 2251 779 2316 ita
801 2251 898 2317 etiam
913 2249 1121 2316 Boeotorum:
1146 2249 1390 2333 Θερσάνδριχος
1413 2250 1509 2318 Orch.

382 2352 442 2417 Κ.1
464 2351 587 2432 3811),
609 2349 650 2431 7;’
667 2346 877 2430 Θέρσανδρος
895 2340 1103 2430 Ὀρχομένιος
1126 2348 1244 2415 Herod.
1268 2350 1316 2415 IX
1342 2354 1390 2432 16,
1415 2351 1511 2434 Poly·

381 2449 463 2515 uicis
490 2447 574 2513 filius
602 2446 778 2511 Thebanus
806 2445 936 2511 Pindar.
966 2445 1016 2512 Ol.
1043 2450 1073 2527 2,
1096 2458 1134 2510 re.
1180 2446 1302 2527 Quodsi
1333 2449 1510 2530 posteriore

265 2612 269 2617 .
382 2552 527 2629 tempore
555 2544 686 2610 nomina
714 2544 755 2609 ab
781 2546 887 2625 Θερσ-
914 2544 1102 2627 incipientia
1123 2544 1211 2627 apud
1239 2564 1350 2610 omnes
1373 2545 1511 2611 Graeco·

381 2664 452 2709 rum
481 2643 599 2728 stirpes
628 2648 795 2707 occurrunt
824 2641 956 2719 (videsis
984 2642 1083 2724 Papei
1112 2640 1268 2723 lexicon),
1301 2642 1509 2708 iudicandum

382 2748 431 2807 est
452 2741 500 2806 ab.
516 2740 670 2806 Aeolibus
692 2739 735 2804 ad
756 2740 838 2805 alios
861 2758 901 2805 ea
923 2757 995 2805 esse
1017 2745 1206 2822 propagata.

468 2840 506 2904 In
530 2837 661 2920 θράσος
683 2846 800 2919 autem,
824 2836 909 2919 quod
932 2837 1041 2903 Lesbii
1064 2837 1153 2916 (Ahr.
1176 2837 1192 2901 I
1217 2841 1268 2905 76)
1291 2835 1402 2903 dicunt
1424 2836 1510 2921 θρό-

296 2943 297 2946 ’
383 2960 456 3027 σος,
486 2936 597 3001 Boeoti
625 2937 715 3002 illam
738 2935 940 3002 affectionem
962 2955 1027 2999 non
1053 2934 1224 3001 adhibent:
1265 2933 1406 3017 Θράσων
1430 2935 1510 3020 Oop.

225 3052 229 3058 ’
307 3116 309 3120 Α
375 3037 441 3102 ,Κὲ
457 3039 497 3100 36
507 3033 529 3116 b,
551 3046 597 3118 203
624 3032 818 3117 Θροσώνιος
833 3031 928 3099 Oreh.
944 3032 1002 3096 K.²
1025 3035 1093 3114 38¹,
1109 3045 1148 3097 37.
1177 3033 1299 3098 Lebad.
1317 3031 1351 3098 Ο.
1372 3037 1463 3116 1588,
1480 3047 1509 3118 43

384 3132 613 3218 Θρασύμαχος,
639 3127 834 3214 Θρασύλαος
857 3137 916 3196 ete.
1200 3201 1202 3203 ,

467 3233 506 3296 Ιο
536 3231 608 3297 aliis
636 3230 802 3295 vocabulis
825 3248 852 3294 e.
875 3247 906 3310 g.
937 3225 1071 3309 κράτος,
1105 3226 1190 3310 quod
1218 3229 1312 3294 Lesb.
1337 3235 1369 3294 et
1391 3229 1510 3296 Arcad.

382 3327 474 3394 audit
495 3333 617 3409 κρέσσς,
641 3328 769 3393 Boeotis
791 3327 838 3391 illi
861 3326 1030 3391 mutationi
1053 3347 1118 3391 non
1141 3332 1191 3392 est
1212 3326 1362 3392 obnoxia.

468 3426 502 3502 b)
533 3426 642 3491 Boeot.
670 3447 749 3489 s=
772 3446 799 3488 ο.
869 3467 871 3469 ·
1113 3468 1117 3473 ·

469 3516 615 3604 ὀβολός
643 3541 701 3604 pro
723 3521 847 3603 volgari
871 3515 989 3604 ὀβολός
1017 3522 1118 3590 habes
1139 3523 1174 3588 iu
1196 3523 1316 3606 Theop.
1340 3523 1379 3586 D.
1403 3526 1455 3604 25,
1478 3536 1509 3606 83

382 3624 458 3688 Dor.
484 3613 607 3694 ὀδελός.
653 3621 805 3683 Attamen
827 3619 925 3684 Attici
954 3639 1080 3702 quoque
1105 3621 1267 3703 antiquius
1290 3643 1305 3684 ε
1326 3620 1510 3686 retinebant

381 3720 415 3785 in
440 3717 606 3802 διωβελία,
633 3716 718 3798 quod
741 3735 839 3799 saepe
861 3718 997 3784 occurrit
1018 3719 1050 3784 in
1065 3718 1175 3785 'titulis
1196 3717 1310 3784 Atticis
1333 3716 1510 3801 (διωβσλία

382 3818 514 3884 Aristot.
530 3817 595 3900 pol.
611 3814 644 3880 II
661 3818 709 3899 7);
733 3814 829 3881 ctiam
847 3815 1038 3881 Plutarchus
1059 3816 1093 3880 in
1115 3816 1311 3882 deminutivo
1336 3809 1508 3898 ὀβελίσκον

383 3939 398 3980 ε
419 3913 525 3980 utitur.
567 3905 701 3995 Ὀβελός
728 3919 836 3979 autem
866 3920 902 3979 et·
928 3906 1045 3996 ὀβολός
1072 3913 1246 3996 antiquitus
1272 3913 1385 3979 eadem
1408 3915 1508 3982 tuisse

382 4012 541 4077 voeabula
562 4017 697 4077 testatur
719 4010 910 4078 Aristoteles
935 4032 987 4095 ap.
1011 4010 1091 4076 Poll.
1114 4010 1164 4075 IX
1188 4014 1238 4075 77.

466 4106 613 4186 Ὲεξίας
636 4111 676 4174 N.
699 4109 734 4173 P.
757 4111 877 4194 Theop.
894 4109 934 4173 K.
951 4107 1008 4174 62*
1030 4106 1209 4185 (melius‘R.
1226 4115 1258 4175 et
1272 4110 1338 4192 Β),
1360 4110 1406 4174 ita
1422 4109 1505 4174 enim

381 4203 554 4289 legendum
588 4213 637 4272 est
668 4205 821 4275 ΡΕΗΑΣ
850 4207 951 4288 tituli,
985 4202 1050 4270 non
1078 4226 1149 4271 cum
1181 4206 1222 4270 Κ.
1252 4212 1284 4272 et
1311 4208 1349 4271 R.
1380 4211 1505 4288 Έεχίας.

382 4305 507 4370 Nomen
539 4302 620 4369 illud
654 4306 696 4371 ab
730 4305 837 4372 radice
873 4328 929 4385 sex
965 4305 1113 4369 vehere
1150 4303 1235 4381 (Gn.⁴
1270 4306 1341 4379 192)
1379 4312 1504 4388 repetas
