3442 5359
360 701 419 762 116
877 697 975 750 Funck

359 874 514 958 (exceptis
536 872 612 938 solis
635 866 714 953 περί
736 875 768 935 et
789 866 856 948 πρὸ
880 876 912 934 et
933 870 1121 952 plerumque
1144 867 1240 933 etiam
1264 860 1379 952 ἀμφὶ),
1405 867 1546 933 ante

359 991 516 1039 consonas
538 989 699 1051 nunquam
723 965 810 1050 apud
825 966 948 1031 Atticos
971 972 1002 1030 et
1024 965 1125 1031 rarius
1147 966 1180 1029 in
1204 966 1318 1031 ceteris
1338 957 1546 1032 dialectis

360 1069 489 1136 eliditur
517 1074 548 1133 ct
578 1065 695 1131 deinde
717 1084 859 1130 consona
887 1064 920 1128 in
951 1062 1014 1127 fine
1036 1062 1142 1146 posita
1163 1064 1309 1145 sequenti
1332 1085 1409 1130 sono
1430 1075 1547 1130 ac-

360 1166 586 1234 commodatur.
632 1163 746 1228 Differt
774 1161 890 1227 bacin
913 1181 947 1226 rc
970 1160 1094 1225 Graeca
1117 1160 1230 1241 lingua
1252 1182 1271 1226 a
1294 1162 1425 1244 Latina,
1446 1161 1540 1225 in

360 1286 423 1349 qua
445 1263 573 1348 quidem
596 1259 709 1342 addita
730 1259 969 1343 praepositione
990 1258 1111 1323 vocalis
1133 1258 1242 1342 stirpis
1264 1261 1380 1324 mutari
1403 1256 1545 1325 solet

361 1361 412 1440 (cf.
429 1361 519 1424 laedo
534 1358 632 1431 illido,
657 1358 733 1419 cado
750 1356 888 1428 concido,
912 1376 979 1417 emo
995 1355 1095 1417 adimo
1111 1375 1182 1420 oum
1199 1355 1333 1422 Graecis
1349 1356 1539 1439 ἔρχομαι

355 1458 596 1542 προσέρχομαι,
622 1451 704 1537 λέγω
728 1451 883 1536 σθλλέγω,
908 1450 1030 1533 deipnos
1052 1449 1256 1533 ἓπιλάμπω).

447 1554 511 1621 Sed
539 1555 620 1619 haee
647 1554 772 1617 leviora
793 1557 884 1631 sunt,
913 1551 1012 1615 multo
1042 1551 1171 1633 gravior
1193 1559 1242 1617 est
1264 1573 1303 1616 ea
1331 1554 1533 1635 quaestio,

362 1654 450 1719 cuius
473 1659 598 1736 partem
614 1650 740 1732 quidem
764 1649 825 1714 hoo
847 1650 916 1731 ipsc
932 1647 1041 1712 libello
1062 1648 1240 1714 accuratius
1263 1670 1358 1733 qnam
1382 1651 1533 1717 adhuc

364 1751 557 1829 estfactum,
580 1755 718 1812 tractare
733 1746 811 1811 mihi
833 1745 1032 1829 propositum
1048 1752 1111 1810 est:
1135 1766 1246 1827 quem
1270 1748 1311 1812 in
1333 1749 1525 1814 modum

363 1846 611 1913 notioverbi
634 1843 777 1909 addita
800 1842 1113 1927 praepositione
1134 1850 1331 1925 mutetur,
1356 1836 1526 1928 etquod

365 1945 523 2011 artissime
553 1963 624 2008 oum
654 1942 714 2007 hac
745 1940 933 2024 quaestione
955 1940 1119 2020 cohaeret,
1150 1942 1285 2023 qualis
1313 1944 1368 2010 sit
1395 1965 1472 2010 usu
1490 1954 1523 2002 s

364 2048 488 2124 atque
518 2048 722 2106 structura
750 2040 965 2103 verborum
988 2038 1302 2121 compositorum
1332 2061 1521 2126 compa.-

365 2144 453 2204 rata
481 2158 562 2204 eum
597 2136 859 2220 simplicibus
888 2134 1111 2200 vocabulis.
1165 2135 1243 2201 Cum
1271 2144 1380 2204 autem
1411 2141 1519 2205 baec

365 2237 508 2319 quaestio
543 2256 608 2300 non
636 2255 735 2319 parvo
764 2234 867 2299 libelli
895 2233 1015 2315 spatio,
1050 2231 1107 2298 sed
1136 2234 1337 2317 amplissimo
1366 2245 1513 2303 tantum

365 2335 447 2399 libro
470 2333 595 2398 absolvi
617 2334 734 2416 possit,
764 2331 817 2414 qui
841 2331 922 2395 liber
945 2351 1007 2394 non
1032 2349 1204 2413 paucorum
1226 2333 1403 2413 mensium,
1433 2326 1512 2401 sed

355 2430 575 2513 ,complurium
597 2450 753 2495 annorum
772 2428 879 2494 studia
893 2430 1049 2494 acerrima
1071 2427 1257 2511 requireret,
1280 2452 1384 2498 nunc
1407 2433 1477 2516 qui
1492 2458 1511 2474 ·

367 2528 453 2594 dem
487 2527 536 2593 de
569 2548 647 2592 una
680 2534 833 2593 tantum
867 2527 1179 2610 praepositione
1217 2527 1320 2607 μετά
1360 2529 1507 2612 agam,

367 2645 549 2708 quaeque
582 2624 629 2690 ad
664 2645 747 2690 eam
780 2625 1007 2709 pertinent,
1039 2626 1171 2690 omnia
1203 2632 1396 2692 accurate
1428 2647 1507 2693 ex-

366 2725 535 2808 planare
559 2722 740 2787 studebo.
788 2724 909 2787 Ansam
932 2729 1038 2787 autem
1061 2723 1154 2789 huius
1176 2720 1376 2807 potissimum
1399 2746 1501 2808 prae⁶

366 2820 534 2905 positionis
562 2819 749 2885 tractandae
778 2819 926 2902 praebuit
952 2821 1191 2886 accuratissima
1212 2821 1271 2886 illa
1299 2829 1331 2886 et
1353 2824 1501 2905 sagacis·

367 2919 447 2985 sima
475 2918 639 3001 Tychonis
662 2917 852 2981 Mommseni
882 2917 1025 2998 quaestio
1055 2919 1338 3003 (,Entwickelung
1368 2921 1500 3002 einiger

367 3015 502 3082 Gcsetze
523 3014 573 3079 ftr
595 3015 657 3080 den
673 3013 844 3082 Gebrauch
868 3014 926 3078 der
947 3012 1063 3095 griech.
1080 3016 1346 3098 Praepositicnen
1361 3017 1446 3095 μετά
1461 3041 1497 3082 ιι.

368 3112 426 3178 σύν
448 3113 500 3178 bei
523 3112 754 3196 d.,Epikern.“
799 3110 973 3175 Franklurt
998 3113 1107 3193 1874),
1132 3133 1195 3194 qna
1217 3114 1498 3183 virdoctissimus

366 3210 544 3277 incredibili
569 3209 635 3274 lere
657 3209 814 3274 industria
836 3209 984 3274 omnibus
1006 3210 1171 3275 literarum
1193 3213 1427 3293 monumentis,
1459 3216 1499 3277 ut

368 3306 640 3391 praepositionum
663 3326 753 3371 usum
771 3313 985 3388 cognosceret,
1009 3308 1192 3390 perquisitis
1215 3311 1378 3392 specimen
1403 3309 1499 3375 dedit

366 3406 475 3486 legum
496 3410 593 3468 antea
614 3403 670 3468 vix
691 3402 907 3484 cognitarum,
931 3404 1046 3488 quibus
1068 3425 1196 3488 prorsus
1218 3427 1304 3472 nova
1325 3407 1368 3471 ad
1390 3414 1495 3472 totum

368 3501 638 3585 praepositionum
661 3520 751 3565 usum
778 3507 865 3566 recte
886 3502 1145 3583 perspiciendum
1176 3510 1273 3585 atque
1302 3505 1498 3587 intellegen·
1548 3562 1550 3569 .

370 3599 444 3663 dum
474 3599 527 3662 via
555 3605 602 3663 est
631 3603 753 3681 aperta.
805 3598 970 3663 Tractavit
998 3606 1104 3664 autem
1134 3602 1351 3667 Mommsenns
1378 3603 1412 3665 in
1443 3623 1495 3681 ea,

369 3715 450 3778 qnae
479 3695 585 3760 adhuc
607 3697 677 3761 sola
699 3695 786 3761 edita
808 3702 872 3776 est,
903 3697 1098 3777 quaestionis
1124 3686 1216 3781 parte
1237 3697 1377 3764 maxime
1399 3718 1496 3781 prac-

368 3793 561 3878 positicnum
584 3790 666 3873 μετά
689 3800 720 3859 et
742 3790 799 3857 σύν
822 3792 910 3877 apud
937 3800 1048 3876 poetas
1071 3796 1179 3877 epicos
1201 3815 1303 3875 usum,
1327 3816 1389 3878 qua
1403 3795 1438 3860 in
1458 3813 1496 3860 re

368 3891 400 3955 id
423 3890 622 3974 potissimum
646 3891 864 3956 demonstrare
887 3891 1001 3971 studet,
1029 3912 1111 3973 quae
1133 3892 1244 3958 sitris
1266 3891 1495 3959 adverbiorum

367 3989 493 4053 illorum
509 3989 607 4053 variis
629 4008 700 4052 cum
722 3989 849 4053 casibus
872 3989 1127 4071 coniunctorum,
1153 3987 1258 4053 minus
1280 3997 1370 4054 curat
1391 3991 1495 4056 verba

369 4104 424 4150 seu
445 4086 577 4149 nomina
592 4105 662 4150 cum
685 4086 724 4150 iis
739 4086 923 4169 composita,
948 4093 980 4151 et
1001 4086 1172 4167 siquando
1196 4105 1235 4151 ea
1257 4093 1492 4166 commemorat,

368 4183 428 4246 hoc
451 4188 572 4246 tantum
596 4176 731 4248 consilio
751 4182 792 4248 de
814 4183 852 4248 iis
876 4182 1012 4260 disserit,
1036 4192 1070 4249 ut
1096 4189 1284 4248 structuram
1308 4205 1416 4250 eorum
1439 4204 1496 4249 ex·

368 4285 468 4360 ponat
499 4279 621 4361 itaque,
656 4279 741 4361 quod
770 4281 899 4344 omnino
929 4281 997 4345 cius
1032 4281 1230 4363 propositum
1264 4289 1327 4364 est,
1360 4277 1492 4365 syntaxi
