3442 5359
667 721 700 776 de
718 720 833 776 dialecto
852 721 990 777 Boeotico.
1349 724 1388 787 83

251 894 406 960 exeuntis
434 895 509 959 terti
532 893 598 959 fere
620 893 749 958 saeculi.
794 896 830 959 In
854 895 955 960 titulis
978 895 1106 977 quidem
1130 917 1238 964 eorum
1261 921 1294 963 οι
1316 899 1349 964 in
1372 925 1391 963 v

252 1013 386 1060 versum
416 1012 486 1056 non
514 990 644 1073 legitur3
674 997 707 1055 at
737 992 853 1058 desunt
881 993 966 1058 tituli
995 994 1063 1060 eius
1089 995 1177 1062 urbis
1199 998 1391 1064 recentiores

254 1093 415 1158 Boeotica
430 1088 570 1154 dialecto
585 1090 741 1172 concepti.
771 1091 941 1174 Specimen
964 1097 1071 1157 autem
1093 1093 1207 1160 similis
1229 1094 1390 1161 scribendi

255 1189 387 1272 generis
411 1187 547 1271 praebet
569 1187 616 1250 tit.
632 1187 735 1252 Theb.
754 1189 811 1253 K.²
827 1193 896 1271 36⁰,
920 1189 953 1254 in
975 1210 1037 1273 quo
1061 1212 1094 1253 οι
1116 1191 1244 1272 quidem
1259 1213 1325 1259 non
1341 1213 1391 1258 oc·

257 1288 366 1368 currit,
381 1309 420 1350 oo
438 1294 547 1350 tamen
562 1304 688 1368 semper
703 1294 751 1351 est
767 1306 822 1370 pro
839 1312 869 1364 o,
886 1295 1018 1352 sautem
1035 1287 1067 1352 in
1085 1312 1096 1352 ι
1111 1291 1226 1354 mutari
1241 1296 1390 1372 coeptum

257 1393 306 1452 est
336 1383 552 1462 (Θεοτέλιος).
595 1381 699 1447 Etiam
729 1404 786 1466 per
808 1405 844 1450 se
867 1387 935 1451 veri
963 1385 1158 1451 simillimum
1188 1394 1236 1452 est
1258 1388 1389 1452 Thebas

256 1490 325 1547 turn
357 1483 537 1566 principem
566 1481 690 1545 urbium
716 1481 939 1548 Boeoticarum
969 1483 1217 1568 orthographiae
1245 1505 1389 1550 normam

258 1581 401 1647 dedisse.
447 1579 561 1662 Neque
583 1585 709 1660 tamen,
732 1599 802 1644 cnm
826 1604 852 1643 ω
875 1580 909 1644 in
933 1603 971 1643 ov
994 1581 1155 1646 obscurati
1177 1583 1313 1665 vestigia
1334 1583 1390 1648 ad·
1427 1647 1430 1652 .

257 1679 324 1744 sint
346 1681 378 1759 (5
401 1682 421 1741 4
444 1677 496 1741 Ill
518 1678 567 1758 b),
592 1696 663 1742 eam
685 1677 905 1744 recensionem
929 1678 1104 1744 secundum
1127 1681 1289 1745 saeculum
1311 1682 1391 1745 mul-

255 1786 325 1841 tum
348 1794 502 1859 superare
524 1775 673 1858 putarim.

293 1958 297 1964 ¹
343 1872 639 1956 Aristophanis
677 1872 934 1940 Boeotismus
975 1874 1131 1940 eiusmodi
1167 1876 1388 1942 recensionem

254 1993 323 2037 non
346 1970 459 2053 subiit;
482 1991 557 2035 nam
581 1994 611 2035 ει
627 1975 679 2048 td),
704 1971 789 2052 quod
811 1991 1041 2054 nonnunquam
1063 1980 1112 2038 est
1133 1993 1192 2055 pro
1214 1998 1249 2056 η,
1274 1994 1388 2042 revera

254 2090 298 2135 ex
327 2068 441 2152 populi
469 2088 524 2134 ore
551 2069 678 2134 videtur
700 2088 905 2152 expressum,
935 2089 1006 2135 cum
1029 2070 1092 2136 iam
1116 2071 1200 2135 tituli
1221 2073 1346 2153 antiqui
1368 2097 1386 2157 η

254 2166 373 2232 mutati
397 2167 547 2249 exempla
570 2165 754 2232 exhibeant.
799 2167 965 2232 Nonnulla
987 2188 1065 2233 sane
1089 2167 1192 2246 (ἴττω,
1217 2167 1388 2250 inexopta-

255 2287 333 2342 τως,
358 2260 467 2340 origi)
490 2283 531 2328 ex
553 2264 727 2347 posteriore
750 2265 1011 2347 pronuntiatione
1033 2265 1182 2331 videntur
1203 2267 1332 2333 inserta.

344 2363 520 2444 Peregre
542 2361 707 2428 invecta
728 2368 777 2427 est
799 2363 981 2428 terminatio
997 2363 1224 2429 infinitivorum
1240 2363 1387 2451 ἐφάπτε-

253 2483 333 2544 osp,
364 2454 664 2544 καταδουλίτταστη
688 2458 782 2526 Orch.
807 2462 846 2525 D.
873 2466 906 2542 1,
933 2474 969 2526 111.
999 2474 1036 2525 11.
1066 2466 1095 2543 3,
1118 2474 1141 2526 8.
1168 2475 1198 2543 9,
1228 2484 1304 2546 -στη
1328 2485 1386 2546 pro
1461 2516 1463 2520 .

252 2563 342 2642 -σθη
373 2560 501 2633 codor)
531 2558 664 2639 scripta,
699 2577 781 2638 qnae
812 2558 872 2623 fuit
897 2560 1103 2625 Locrensium
1133 2558 1262 2641 (Allen,
1293 2560 1385 2627 Stud.

252 2658 305 2722 III
330 2659 422 2739 243l3
454 2676 529 2720 nam
558 2657 592 2720 in
621 2655 693 2720 aliis
715 2655 817 2722 titulis
840 2655 986 2722 Orchom.
1010 2664 1042 2722 et
1064 2665 1238 2723 ceterarum
1261 2658 1386 2722 urbium

253 2775 385 2838 semper
405 2757 508 2816 -σθαι
525 2753 675 2835 scriptum
692 2759 750 2818 est.
779 2752 928 2819 Indidem
944 2755 1130 2836 provenisse
1152 2761 1229 2839 puto
1251 2755 1385 2821 formam

254 2850 336 2938 ἥγυς
365 2852 386 2915 i.
411 2871 439 2917 e.
469 2849 576 2932 α’ίγοις
606 2849 700 2915 Orch.
731 2849 766 2917 O.
793 2855 900 2932 15692
924 2864 962 2916 31.
1014 2851 1087 2916 Non
1116 2852 1245 2934 quidem
1273 2852 1385 2934 ignoro

252 2952 338 3017 tales
359 2950 591 3032 metaplasmos
613 2949 788 3031 posteriore
810 2954 955 3032 tempore
976 2949 1094 3029 ubique
1115 2950 1278 3031 ingruere3
1306 2949 1386 3014 nihi-

252 3049 396 3115 lominus
419 3067 489 3112 cum
513 3047 546 3111 in
562 3046 697 3111 Boeotia
711 3045 799 3110 aliud
822 3048 1004 3129 exemplum
1029 3068 1093 3111 non
1116 3054 1274 3131 suppetat,
1297 3047 1385 3130 apud

252 3147 434 3213 Locrenses
456 3152 562 3210 autem
592 3164 631 3209 ea
653 3143 801 3209 formatio
823 3145 888 3208 iam
914 3145 1036 3227 pridem
1059 3145 1154 3211 fuerit
1176 3145 1386 3211 usitatissima

253 3245 375 3325 (Auen,
392 3243 414 3307 l.
430 3262 456 3307 c.
474 3245 557 3322 261),
576 3263 641 3306 non
657 3241 767 3306 dubito
782 3242 867 3306 hano
889 3242 1023 3307 formam
1045 3242 1121 3308 inde
1143 3250 1296 3327 repetere.
1334 3245 1385 3308 Ex

253 3341 493 3425 Megarensium
517 3346 624 3404 autem
654 3338 792 3404 dialecto
815 3340 1032 3424 Thespienses
1058 3342 1211 3407 ascivisse
1234 3340 1384 3406 videntur

251 3460 373 3506 nomen
392 3435 545 3518 Θὲδωρος
563 3435 683 3519 Thesp.
701 3436 760 3500 K.²
775 3440 826 3516 21,
841 3449 880 3499 11.
904 3449 935 3499 16
955 3439 1042 3522 apud
1064 3439 1139 3505 illos
1160 3441 1383 3524 pervolgatum

252 3539 305 3611 (cf.
329 3537 391 3602 K.²
412 3557 444 3619 p.
468 3539 557 3617 528),
587 3533 676 3599 cuius
704 3533 806 3599 forma
829 3535 982 3601 Boeotica
1007 3543 1056 3602 est
1080 3534 1268 3616 Θεόδωρος,
1302 3537 1382 3602 Θιό-

252 3637 379 3719 δωρος;
408 3634 495 3700 idem
517 3651 635 3697 nomen
657 3631 801 3697 fortassis
824 3640 872 3698 est
894 3634 928 3698 in
950 3634 1051 3699 Theb.
1075 3635 1133 3699 K.2
1156 3636 1267 3716 35³1,
1293 3649 1320 3697 15
1342 3656 1384 3700 ex

251 3754 366 3817 apogr.
389 3733 427 3796 R.
456 3729 506 3807 (cf.
530 3729 589 3794 Κ.2
611 3731 632 3793 l.
655 3734 704 3804 c).

339 3829 490 3911 Denique
518 3827 596 3892 mihi
626 3826 796 3893 dicendum
826 3834 875 3893 est
908 3828 955 3893 de
987 3828 1248 3910 cognatione,
1283 3847 1383 3910 quae

251 3926 482 3994 intercedit
509 3926 618 3991 inter
647 3924 851 3991 dialectos
878 3925 1118 3991 Boeotorum
1147 3930 1187 3990 et
1214 3924 1382 3991 Lesbio-

252 4048 346 4092 rum.
393 4024 505 4106 Nuper
533 4025 617 4089 enim
646 4023 725 4090 satis
753 4020 906 4088 audacter
934 4021 1133 4086 Hinrichsius
1161 4023 1194 4099 (l.
1217 4041 1244 4086 c.
1272 4043 1303 4103 p.
1330 4026 1381 4097 10)

252 4121 422 4190 contendit
454 4123 640 4199 „Aeolicam
676 4121 850 4186 dialectum
887 4117 927 4181 de
964 4118 1151 4183 Lesbiorum
1188 4124 1312 4182 tantum
1349 4127 1383 4184 et

251 4223 447 4289 Asianorum
485 4219 691 4285 Aeolensinm
726 4217 888 4282 locutione
920 4234 991 4280 esse
1027 4215 1310 4299 intellegendam“,
1346 4216 1381 4280 in

253 4341 318 4402 qna
346 4317 509 4384 sententia
537 4317 633 4382 etiam
656 4312 886 4382 Kirchhoffium
910 4312 1031 4379 versari
1058 4312 1178 4378 ibidem
1200 4321 1382 4379 annotatur.

1140 4418 1155 4466 6
1162 4415 1176 4447 *
