3442 5359
338 795 400 858 118
622 811 625 817 '
858 799 958 855 Fuuek

337 975 379 1040 Et
394 973 479 1057 quod
495 969 623 1055 quidem
645 970 760 1036 attinet
781 968 824 1035 ad
840 971 995 1053 originem
1018 972 1302 1058 praepositionum,
1324 971 1444 1038 mariue

336 1068 529 1156 comparatis
542 1068 771 1151 antiquissimis
783 1087 892 1134 earum
907 1069 1026 1152 formis,
1043 1070 1155 1151 quales
1169 1071 1343 1154 praecipue
1352 1070 1444 1153 lingua

337 1168 502 1236 Sansorita
524 1165 681 1247 servavit,
711 1166 872 1247 cognitum
902 1172 951 1232 est
978 1166 1069 1232 initio
1098 1166 1354 1251 praepositiones
1378 1165 1444 1232 nibil

337 1266 427 1332 aliud
452 1263 551 1330 fuisse
573 1261 635 1328 nisi
657 1281 750 1328 casus
772 1263 825 1329 vel
847 1264 1011 1330 nominum
1033 1264 1087 1329 vel
1109 1265 1333 1349 pronominum
1354 1265 1445 1347 itaquo

337 1383 446 1430 earum
475 1360 698 1425 formationem
727 1359 865 1425 eandem
898 1381 984 1445 esse,
1020 1380 1115 1444 quam
1143 1367 1323 1428 ceterorum
1350 1361 1446 1427 adver·

337 1461 462 1527 bionum
485 1458 535 1535 (cf.
553 1456 685 1533 certabit
709 1463 741 1523 et
764 1450 886 1540 ὀρθῶς,
911 1459 995 1542 quod
1018 1457 1148 1541 quidem
1169 1459 1290 1543 prodiit
1311 1479 1351 1526 ex
1378 1451 1445 1538 *rip

277 1569 279 1574 ·
337 1561 434 1635 tea).
491 1554 582 1635 Quae
613 1554 774 1621 sententia
806 1555 1010 1623 confirmatur
1048 1575 1102 1633 eo,
1142 1557 1228 1639 quod
1261 1556 1444 1625 inferioribus

337 1674 464 1740 quoque
485 1652 682 1735 temporibus
704 1653 869 1718 nominum
892 1673 986 1719 casus
1009 1673 1138 1737 prorsus
1159 1654 1193 1717 in
1216 1674 1309 1720 usum
1331 1672 1444 1738 praepo

337 1754 487 1819 sitionum
509 1750 599 1816 abire
620 1749 783 1815 videmus:
810 1750 849 1816 cf.
874 1752 943 1816 Lat.
967 1761 1075 1823 occec,
1097 1752 1219 1835 proteo,
1244 1751 1300 1817 Gr.
1321 1750 1441 1833 χάριν,

339 1847 427 1936 ἰδίᾳ
449 1849 500 1928 (oi.
523 1849 577 1912 Ar.
601 1848 684 1912 Rau.
711 1850 800 1929 102),
822 1854 968 1914 nostrum
991 1870 1104 1931 mopere.
1150 1849 1191 1914 Et
1214 1849 1300 1932 quod
1323 1870 1362 1917 ex
1380 1847 1443 1932 ipsis

336 1947 608 2033 praepositionum
639 1944 748 2010 formis
776 1948 960 2012 conclusum
989 1952 1054 2029 est,
1083 1946 1213 2030 probari
1241 1946 1442 2030 antiquissimo

337 2067 448 2113 earum
480 2064 539 2109 usu
569 2042 709 2108 ostendit
741 2042 820 2107 Lud.
853 2043 996 2126 Langius
1028 2042 1262 2126 (Verhandlgu.
1293 2044 1326 2110 d.
1353 2044 1441 2110 doett

316 2196 318 2200 .
334 2140 658 2240 ¹Philol.-Versamml.
673 2142 753 2204 1852
766 2161 797 2224 p.
813 2145 896 2223 104),
913 2140 1053 2205 numeris
1068 2142 1225 2223 appositis
1238 2141 1442 2208 demonstrans

336 2246 369 2306 et
397 2239 431 2304 in
459 2236 593 2322 bymnis
623 2236 753 2303 Vedicis
781 2244 814 2302 et
841 2237 929 2320 apud
955 2237 1128 2302 Homerum
1157 2239 1346 2323 saepissime
1369 2253 1442 2323 prae·

336 2336 513 2422 positiones
536 2337 634 2419 plane
656 2334 881 2400 adverbiorum
902 2354 1035 2400 munere
1057 2334 1156 2419 iungi.
1193 2336 1277 2402 Sunt
1291 2344 1440 2408 autema,

336 2453 432 2517 quam
458 2432 632 2499 secundam
655 2433 928 2517 praepositionum
954 2438 1091 2498 aetatem
1117 2438 1259 2500 statuere
1284 2447 1440 2518 possumus,

336 2532 399 2597 iam
416 2531 450 2596 in
465 2529 563 2596 Vedis
587 2535 619 2596 et
639 2529 674 2595 in
690 2530 885 2595 carminibus
900 2530 1076 2595 Homericis
1098 2531 1198 2594 multo
1221 2533 1350 2615 saepius
1369 2544 1442 2616 prae

335 2628 512 2713 positiones
526 2628 604 2711 ipsis
618 2626 725 2693 verbis
748 2626 911 2710 praefixae
926 2628 1034 2709 itaque
1050 2626 1133 2692 duae
1148 2627 1306 2710 notiones,
1329 2641 1441 2712 quarum

336 2729 471 2793 alteram
503 2726 607 2791 altera
640 2723 818 2790 accuratius
851 2723 1041 2807 definiebat,
1074 2724 1157 2790 adeo
1189 2725 1388 2810 coaluerunt,
1415 2725 1441 2785 ui

336 2826 433 2892 etiam
468 2823 562 2888 unius
590 2821 738 2887 vocabuli
771 2821 899 2887 vinculo
933 2828 1181 2888 concuterentur.
1233 2823 1346 2907 Neque
1374 2825 1442 2890 haro

336 2920 598 3006 compositionem
621 2940 750 3004 prorsus
771 2921 813 2985 ab
829 2919 902 2985 aliis
924 2919 1088 2985 adverbiis
1103 2919 1244 2985 alienam
1268 2941 1339 2989 esse
1352 2936 1439 2989 exem·

239 3061 241 3066 -
334 3023 390 3105 pla
413 3019 538 3098 docent,
561 3018 661 3084 veluti
677 3018 793 3083 Latina
814 3017 915 3083 verba
936 3017 1107 3100 benefacio,
1130 3017 1306 3100 malefacio,
1331 3020 1441 3086 Germa·

335 3118 408 3185 nica
436 3114 608 3189 urobltbaa,
639 3114 841 3178 misboodela.
887 3113 966 3180 Cum
994 3123 1101 3182 autern
1130 3122 1163 3181 et
1183 3116 1276 3181 iuxta
1302 3118 1400 3201 posita
1417 3112 1441 3174 ti

334 3213 464 3280 adnexa
492 3210 731 3296 praepositione
753 3212 834 3278 sicut
856 3211 942 3277 notio
965 3212 1011 3277 ita
1032 3212 1220 3296 plerumque
1244 3213 1341 3281 etiam
1361 3220 1441 3280 sune

334 3317 406 3376 tura
427 3309 519 3374 verbi
540 3309 760 3374 immutaretur
787 3309 928 3391 novique
955 3328 1063 3391 casus,
1094 3308 1147 3391 qui
1177 3309 1374 3379 debebantur
1392 3300 1443 3392 ipsi

335 3413 476 3472 mutatae
497 3406 588 3471 verbi
617 3406 756 3488 notioni,
779 3405 810 3471 ei
832 3405 1048 3487 edicerentur,
1072 3407 1168 3472 tertia
1190 3407 1331 3490 quadarn
1351 3407 1442 3476 aetate

298 3564 310 3587 ,
333 3503 527 3591 praepositio
554 3501 604 3567 his
631 3503 831 3586 potissimum
853 3504 983 3569 casibus
1004 3503 1154 3588 apposita
1175 3511 1234 3587 est,
1258 3525 1338 3587 quos
1357 3502 1444 3573 artius

333 3624 405 3670 cum
427 3601 525 3667 verbo
548 3599 788 3682 coniungendos
816 3621 889 3667 esse
917 3601 978 3666 hac
1006 3601 1079 3684 ipsa
1100 3601 1311 3671 collocatione
1339 3603 1444 3671 indica·

333 3703 443 3784 batur3
466 3718 537 3764 cum
560 3698 674 3763 eadem
696 3705 802 3763 autern
824 3698 1064 3783 praepositione
1081 3698 1211 3783 insuper
1233 3702 1331 3768 etiam
1351 3704 1445 3787 ipsum

333 3799 465 3865 verbum
488 3794 575 3861 haud
597 3814 668 3859 raro
691 3796 950 3880 componebatur.
988 3798 1029 3861 Et
1050 3795 1103 3861 bic
1124 3796 1255 3878 quidem
1277 3822 1361 3883 usus,
1381 3806 1445 3866 cum

331 3897 422 3962 initio
444 3888 545 3962 rarior
566 3896 678 3962 fuisset
699 3897 751 3975 (cf.
770 3899 883 3981 Lange
905 3900 927 3964 l.
942 3899 987 3979 1.),
1010 3897 1187 3981 posteriore
1209 3905 1351 3983 tempore
1371 3892 1444 3963 ade⁰

332 3994 520 4077 praevaluit,
543 4001 588 4076 ut,
611 3996 791 4078 quicunque
813 3995 854 4060 de
877 3996 1168 4080 praepositionibus
1184 4004 1330 4080 egerunt,
1352 3997 1389 4061 ab
1408 3999 1444 4050 ⁰⁰

330 4093 400 4176 ipso
424 4112 551 4176 semper
571 4093 703 4176 profecti
726 4094 799 4174 sint,
823 4095 941 4177 quain
964 4113 999 4159 re
1020 4094 1103 4159 alter
1123 4094 1179 4159 ille
1201 4114 1301 4179 saepe
1326 4093 1445 4179 prorslls

331 4189 497 4271 neglectus
513 4198 570 4269 est,
593 4200 700 4274 utque,
717 4210 789 4255 cum
804 4191 1059 4274 praepositiones
1075 4210 1202 4274 semper
1217 4193 1313 4258 certis
1327 4187 1443 4258 casibus

330 4288 499 4370 appositae
521 4288 718 4370 legerentur,
744 4288 836 4371 ipsae
859 4288 956 4353 hosce
977 4308 1069 4354 casus
1090 4309 1202 4371 regere
1224 4290 1290 4356 sint
1311 4290 1439 4374 putatae

329 4381 433 4462 Quam
449 4384 640 4449 sententiam
662 4385 776 4451 falsam
792 4404 864 4451 esse
879 4406 964 4451 nune
978 4405 1072 4451 nemo
1094 4387 1158 4451 iam
1182 4389 1355 4471 negaverit,
1374 4386 1440 4447 tum
