3442 5359
701 727 734 786 de
751 730 868 787 dialecto
886 732 1026 788 Boeotico.
1385 732 1423 794 el

278 902 401 970 Boeoti
421 892 612 983 Ἀνεμύτας
640 922 697 986 pro
717 896 912 985 Ἀνεμοίτας
935 905 1123 987 affertur⁶²),
1153 905 1186 970 in
1215 907 1339 990 volgari
1362 927 1430 974 ser·

278 1019 384 1066 mone
406 1001 514 1065 multo
537 1007 609 1084 post
632 1001 791 1067 Christum
814 1009 925 1068 natum
948 1003 1095 1068 obtinuit.

376 1098 573 1164 Tenendum
595 1117 672 1165 vero
698 1107 762 1181 est,
791 1100 826 1165 id
854 1100 941 1183 quod
968 1100 1033 1165 iam
1062 1103 1278 1185 compluriens
1306 1103 1425 1185 monui,

278 1215 362 1260 non
377 1216 443 1261 uno
467 1195 645 1279 eodemque
670 1203 814 1281 tempore
837 1198 995 1263 vocalium
1019 1200 1212 1266 mutationes
1233 1199 1267 1264 in
1290 1200 1426 1283 singulis

278 1293 447 1359 Boeotiae
469 1293 602 1359 urbibus
624 1295 797 1377 ingruisse,
821 1295 880 1363 sed
902 1297 1026 1362 anteire
1048 1300 1232 1381 Tanagram
1255 1296 1426 1362 11011111-

278 1408 439 1472 menum,
472 1390 562 1474 sequi
593 1390 712 1459 deinde
739 1399 863 1459 ceteras
891 1393 986 1457 urbes
1014 1393 1106 1459 sicuti
1135 1414 1156 1458 a
1181 1395 1426 1477 septentrionali

279 1494 386 1565 parte
408 1488 451 1552 ad
473 1489 684 1555 meridianam
707 1510 818 1557 versus
841 1492 906 1556 sint
929 1491 1019 1573 sitae,
1043 1492 1089 1556 ita
1110 1499 1228 1573 tamen,
1251 1500 1285 1557 ut
1306 1491 1349 1556 ad
1371 1512 1425 1558 ex-

280 1588 428 1650 trenum
458 1587 492 1650 in
522 1587 670 1654 omnibus
698 1588 776 1654 illae
809 1589 1002 1654 mutationes
1035 1590 1239 1673 perviderint.
1283 1590 1425 1656 Maxime

283 1676 329 1742 id
358 1690 486 1767 apparet
509 1702 551 1749 err
573 1709 588 1749 ε
610 1692 687 1751 ante
710 1687 839 1752 vocales
868 1685 901 1750 in
927 1710 938 1749 ι
961 1693 993 1752 et
1016 1706 1056 1752 ex
1079 1711 1112 1752 οι
1134 1687 1167 1751 in
1191 1713 1209 1751 v
1232 1707 1341 1768 verso,
1371 1687 1425 1753 de-

285 1772 375 1845 inde
394 1800 434 1846 ex
450 1803 488 1845 ov
504 1802 562 1864 pro
577 1806 596 1845 n
612 1782 741 1866 scripto,
764 1790 861 1866 atque
884 1784 947 1848 huo
968 1782 1106 1849 redeunt
1128 1805 1175 1867 ea,
1200 1804 1282 1866 quae
1297 1784 1425 1850 Ahrens

288 1869 322 1944 (I
348 1881 466 1961 194sq.)
483 1878 524 1947 de
539 1881 711 1948 Boeotioae
726 1882 857 1948 dialecti
873 1882 905 1945 in
921 1881 1088 1947 vocalibus
1103 1882 1302 1966 proferendis
1318 1883 1426 1948 incon-

289 1973 414 2041 stantia
429 1976 589 2044 disseruit.
597 1979 631 2057 ⁵³)
654 1980 776 2046 Maiore
791 1979 921 2061 quidem
934 1998 1005 2044 cum
1020 1980 1250 2060 aequabilitate
1265 1980 1425 2045 elementa

291 2084 333 2141 ²1,
361 2096 406 2150 αι,
430 2098 459 2139 ει
481 2077 599 2160 ubique
622 2083 747 2142 mutata
764 2076 934 2158 videntur,
963 2097 1155 2160 quamquam
1179 2079 1232 2143 vel
1253 2079 1288 2142 in
1310 2078 1425 2142 harum

290 2163 517 2241 effectionibus
545 2175 630 2242 duae
657 2174 736 2239 illae
758 2173 854 2240 urbes
876 2175 996 2257 primas
1021 2181 1130 2257 partes
1152 2182 1260 2257 agunt.
1306 2175 1369 2241 Cur
1390 2177 1425 2242 in

291 2253 353 2364 llis
376 2270 574 2353 potissimum
594 2271 727 2338 urbibus
750 2271 907 2354 scriptura
930 2294 968 2336 cv
992 2278 1024 2338 et
1045 2273 1204 2337 vocalium
1229 2275 1425 2339 mutationes

289 2368 498 2450 l11valuerint,
521 2388 586 2434 non
609 2369 715 2435 video.
746 2369 860 2451 Neque
883 2370 968 2436 enim
992 2390 1121 2453 prorsus
1143 2371 1251 2453 placet
1273 2370 1425 2438 Ahrentis

288 2451 321 2524 ll
353 2467 415 2531 197.
450 2468 521 2544 199)
551 2467 727 2548 sententia,
758 2468 812 2549 qui
841 2474 933 2549 putat
961 2470 1134 2549 Tanagrae
1162 2473 1195 2532 et
1222 2465 1425 2548 Orchomeni,

288 2560 412 2647 quippe
436 2563 574 2646 quaein
597 2564 750 2630 Boeotiae
771 2563 888 2631 finibus
911 2565 975 2630 sint
997 2565 1094 2643 sitae,
1125 2583 1243 2629 novam
1264 2565 1425 2632 scribendi

285 2659 448 2728 rationem
471 2661 628 2745 imprimis
649 2661 683 2727 in
705 2683 796 2728 usum
819 2663 949 2729 venisse
971 2668 1004 2728 et
1025 2663 1232 2743 Tanagraeos
1248 2663 1426 2728 Atticorum

282 2744 411 2826 vicinos
445 2758 571 2825 facilius
602 2759 637 2824 id
667 2759 787 2843 egisse,
821 2767 856 2825 ut
889 2759 1162 2843 diphthongorum
1190 2778 1303 2824 sonum
1337 2759 1425 2844 apud

279 2831 431 2922 Boeotos
463 2862 622 2922 mutatum
657 2864 689 2922 et
721 2858 762 2922 ab
796 2857 903 2922 Attico
935 2857 1097 2922 diversum
1131 2856 1288 2939 scriptura
1321 2858 1426 2941 expri-

278 2949 431 3038 merent,
456 2974 532 3019 nam
555 2973 583 3020 e.
598 2973 630 3036 g.
649 2973 691 3020 ne
718 2953 874 3020 Lebadea
895 2952 1024 3036 quidem
1046 2953 1174 3034 longius
1196 2972 1291 3035 quam
1307 2952 1426 3020 Orcho·

278 3045 403 3119 “lenus
433 3073 454 3117 a
483 3051 637 3118 Boeotiae
665 3050 782 3118 finibus
805 3052 930 3117 aberat.
958 3086 1000 3096 —
1028 3050 1195 3115 Vocalium
1221 3052 1425 3134 mutationes,

278 3143 374 3216 auae
395 3149 492 3215 nobis
514 3156 590 3215 sunt
611 3149 760 3229 traditae,
785 3149 846 3214 hac
868 3148 981 3214 tabula
1003 3146 1208 3213 adumbravi:

500 3259 556 3344 pl,
580 3283 625 3338 αι,
650 3283 697 3338 os,
721 3282 751 3343 η.

578 3381 624 3436 αι,
649 3381 697 3435 oe,
720 3381 751 3441 η,
774 3362 819 3431 (ar
833 3361 877 3434 (ξ)
900 3360 976 3421 ante
999 3358 1089 3432 voc).

718 3479 748 3538 η,
773 3479 802 3519 ει
818 3456 869 3533 (ᾗ),
894 3458 931 3530 (ε,
956 3459 1180 3529 cauteres).

891 3556 928 3628 (1,
954 3575 966 3614 ι
988 3557 1064 3616 ante
1085 3554 1177 3629 voe).

498 3637 559 3720 (pl,
584 3658 625 3713 οι,
650 3658 696 3716 οε,
720 3640 750 3700 ὗ.

278 3777 498 3810 μ-
581 3759 609 3798 ει
626 3736 690 3811 (ci),
953 3736 984 3796 ι’.

359 3851 393 3916 ⁵²)
420 3849 587 3921 Thucydidis
609 3853 700 3905 aetate
719 3867 746 3901 οι
763 3849 885 3904 nondum
907 3847 1009 3902 abiisse
1026 3848 1055 3901 in
1072 3868 1087 3899 v
1106 3849 1214 3901 Ahrens
1238 3847 1268 3909 (l.
1291 3849 1346 3899 191.
1366 3849 1425 3909 199)

278 3916 364 3985 blicis
381 3944 417 3983 ex
433 3931 567 3986 vocabulo
585 3932 714 3986 Boeotico
733 3927 875 3999 ὁμωχέτας
893 3927 1026 3996 (Thucyd.
1043 3927 1082 3981 IV
1100 3931 1143 3981 91)
1162 3942 1196 3979 ex
1213 3923 1427 3994 *ipo-fomites

278 4007 431 4079 corrupto,
450 4025 511 4065 curn
527 4011 722 4066 Plutarcheum
739 4010 924 4080 πλατυχαίτας
934 4007 1098 4061 abAhrente
1110 4007 1244 4072 sagaciter
1262 4007 1426 4059 *ula-fvnd-

278 4090 340 4148 tver
357 4090 532 4146 emendatum
548 4112 564 4144 υ
582 4091 736 4162 arripuerit.

362 4173 397 4232 ⁵³)
424 4172 524 4240 Bergki
546 4173 603 4236 (Gr.
621 4173 777 4242 Littgeseh.
796 4173 808 4224 Ι
827 4174 869 4232 55)
894 4167 996 4221 dictum
1018 4165 1091 4227 „Der
1107 4162 1219 4218 Dialekt
1242 4180 1294 4218 von
1312 4163 1425 4217 Theben

282 4252 350 4307 ¹lud
362 4252 493 4307 Lebadea
509 4253 629 4308 entiernt
646 4253 705 4308 sich
722 4250 854 4306 merklich
872 4263 924 4302 von
936 4247 997 4301 dem
1008 4246 1036 4299 in
1050 4246 1184 4311 Tanagra,
1202 4244 1329 4298 wahrend
1347 4243 1427 4298 beide

285 4320 450 4401 Spielarten
467 4333 526 4388 sich
541 4335 569 4388 in
583 4335 772 4389 Orchomenos
790 4333 944 4400 begegnen“
964 4333 1039 4383 caret
1056 4325 1231 4392 argumentis.

348 4417 463 4465 Gramma,
485 4417 575 4459 Studien
589 4419 627 4460 1x.
640 4458 642 4462 ,
1208 4415 1224 4464 6
