3442 5359
617 734 650 788 de
667 734 868 804 praepositione
884 730 964 804 μετά.
1301 738 1360 798 155

266 907 384 970 odores
400 905 452 983 (cf.
470 905 697 986 prro-petere)
720 906 808 970 notio
831 908 1049 988 paenitentiae
1065 915 1113 974 esi
1135 909 1262 976 tributa.
1300 912 1361 976 lta-

266 1025 291 1071 te
322 1023 396 1069 cum
427 1003 491 1068 hae
519 1004 571 1068 via
600 1005 707 1068 omnia
735 1022 818 1085 quae
846 1005 909 1069 huc
937 1006 1100 1088 pertinent
1125 1008 1225 1073 verba
1253 1017 1361 1092 putem

268 1100 432 1186 plicando
462 1120 549 1181 esse,
582 1108 616 1166 ut
644 1120 662 1166 e
690 1101 820 1167 notione
849 1102 1041 1168 succedendi
1070 1111 1168 1187 atque
1195 1105 1362 1172 iterandae

266 1199 380 1265 rodem
395 1198 533 1264 actionis
544 1199 673 1264 fluxisse
684 1199 846 1263 notionem
863 1201 1048 1266 mutationis
1059 1208 1207 1284 statuam,
1220 1204 1360 1268 concedo

266 1317 310 1363 ne
335 1317 403 1361 non
427 1297 474 1360 ita
496 1297 670 1380 simplicem
694 1315 766 1362 esse
788 1297 873 1362 hanc
895 1299 1050 1364 rationem
1072 1318 1110 1363 ac
1138 1319 1243 1383 paene
1265 1320 1361 1382 quae-

266 1416 325 1460 am
358 1413 456 1477 posse
479 1392 590 1458 videri.
635 1393 700 1458 Sed
724 1413 786 1475 qua
814 1395 939 1460 ratione
961 1402 992 1461 et
1015 1396 1208 1478 simpliciore
1231 1403 1262 1463 et
1291 1418 1360 1481 pro·

266 1493 395 1558 ¹biliore
418 1509 436 1557 e
459 1491 589 1574 propria
612 1489 757 1555 adverbii
779 1489 863 1570 μετά
884 1492 916 1556 vi
940 1492 1028 1558 notio
1050 1494 1133 1558 adeo
1156 1493 1285 1560 diversa
1307 1494 1361 1561 de·

266 1589 331 1656 rari
356 1588 467 1671 possit,
492 1595 617 1670 egomet
639 1608 704 1652 non
726 1607 889 1670 assequor.

317 1687 390 1752 Iam
413 1693 585 1768 antequam
608 1685 651 1751 ad
667 1687 794 1768 singula
808 1687 907 1751 verba
923 1687 1123 1771 accedamus,
1147 1688 1207 1753 boe
1229 1707 1360 1754 monen·
1441 1757 1444 1763 ,

266 1805 308 1849 m
334 1790 400 1863 est,
431 1803 623 1866 quamquam
645 1785 679 1847 in
708 1783 795 1848 baud
817 1783 935 1863 exiguo
957 1784 1126 1850 verborum
1152 1804 1284 1850 numero
1306 1785 1359 1851 vel

266 1903 337 1950 sam
362 1886 477 1964 „post“
506 1880 770 1963 significationem
794 1882 847 1946 vel
875 1882 989 1947 saltem
1018 1883 1087 1948 eius
1109 1883 1246 1964 vestigia
1273 1883 1361 1947 inve-

266 1999 380 2058 amus‚
410 1984 518 2043 tamen
540 1979 574 2043 in
603 1980 764 2062 plerisque
787 1978 893 2044 verbis
916 1980 1055 2045 maxime
1077 1979 1261 2063 posterioria
1282 1987 1359 2045 tem·

266 2078 319 2144 »ris
344 2083 377 2142 et
398 2076 477 2141 locis
500 2077 709 2158 posteriorum
731 2076 921 2159 scriptorum
942 2077 1214 2160 praepositionem
1237 2078 1360 2142 nullam

266 2177 334 2242 'ram
366 2173 427 2239 nisi
455 2192 576 2238 meram
598 2174 743 2239 mutandi
773 2175 837 2238 vim
865 2173 1036 2255 exhibere,
1065 2195 1148 2257 quae
1175 2193 1226 2240 res
1254 2176 1360 2241 minus

266 2274 315 2338 ira
338 2270 516 2348 videbitur,
546 2272 572 2336 si
596 2271 850 2352 meminerimus,
881 2270 987 2353 quoad
1010 2278 1150 2337 nostrum
1172 2293 1223 2334 um
1246 2273 1358 2339 eadem

294 2376 485 2452 usurpatum
514 2389 534 2433 a
563 2370 693 2453 propria
721 2368 875 2434 volvendi
908 2368 1036 2434 notione
1064 2369 1240 2435 recesserit.
1292 2371 1359 2437 Nee

266 2487 293 2532 tc
320 2465 562 2548 neglegendum
595 2473 659 2548 est,
694 2466 779 2547 quod
812 2486 1007 2549 quamquam
1040 2466 1104 2531 iarn
1137 2468 1358 2550 antiquissimo

265 2582 379 2647 mpore
407 2562 612 2628 inveniuntur
640 2565 740 2629 verba
762 2562 844 2629 adeo
875 2565 1063 2630 obscuratae
1093 2564 1280 2649 principalis
1305 2587 1360 2631 no·

266 2661 347 2741 onis,
375 2667 490 2727 tamen,
506 2662 636 2726 omnino
658 2662 745 2745 apud
767 2661 941 2726 Homerum
963 2669 1037 2726 sunt
1059 2662 1180 2727 rariora
1202 2669 1233 2728 et
1255 2671 1361 2746 poste·

266 2778 318 2824 ore
341 2757 471 2823 demum
494 2765 637 2842 tempore
660 2760 761 2841 magis
783 2758 950 2841 magisque
978 2759 1225 2825 increbrescunt.
1269 2759 1360 2839 Quae

266 2877 305 2921 un
328 2857 376 2921 ita
404 2855 483 2935 sint,
513 2856 547 2921 in
575 2863 642 2921 tota
670 2857 731 2922 hac
760 2857 864 2922 classe
894 2855 1156 2939 proficiscendum
1185 2862 1234 2922 est
1255 2857 1297 2922 eb
1320 2859 1359 2925 iis

266 2953 402 3021 ›cabulis
424 2959 520 3036 atquc
542 2954 630 3034 locis,
654 2973 737 3036 quae
752 2953 889 3035 vestigia
910 2954 1024 3019 saltem
1047 2955 1197 3036 propriae
1219 2956 1359 3022 notionis

266 3051 405 3132 ebibent,
438 3051 512 3116 dc'm
535 3071 553 3117 e
576 3058 753 3118 ceterorum
777 3051 945 3116 verborum
975 3050 1054 3117 satis
1076 3070 1192 3134 magno
1215 3072 1357 3134 numero,

266 3169 305 3213 un
321 3148 431 3215 omnia
445 3148 560 3214 afferre
575 3149 706 3232 lengum
729 3149 778 3229 sit,
802 3167 841 3214 ea
856 3148 1076 3214 tantummodo
1092 3150 1357 3233 commemorabo,

266 3265 316 3312 rae
338 3246 470 3311 maioris
492 3249 644 3313 momenti
665 3254 748 3312 sunt.

320 3344 428 3425 Atque
455 3350 489 3408 ut
511 3366 531 3409 a
552 3345 659 3410 verbis
688 3341 932 3427 paenitendi
955 3343 1118 3423 exordiar,
1149 3344 1249 3410 habes
1271 3344 1358 3428 apud

266 3461 410 3507 omarum
439 3439 679 3522 μεταστὲνω
710 3441 823 3522 oret,
853 3440 908 3504 ubi
930 3441 1072 3506 Helena:
1103 3437 1182 3526 ἄτην
1207 3441 1241 3506 δὲ
1263 3439 1357 3521 μετέ·

266 3561 366 3613 ccccv,
399 3534 438 3622 ἢν
459 3531 641 3625 Ἀφροδίτη
667 3531 759 3618 δῶχ’,
792 3531 846 3602 ὅτε
869 3532 906 3616 μ’
938 3533 1036 3621 ἤγαγε
1058 3547 1162 3616 κεῖσε,
1194 3539 1279 3622 quod
1309 3546 1357 3605 est

266 3637 363 3721 roprie
392 3637 465 3713 „ich
488 3638 606 3703 seufzte
630 3637 686 3704 der
708 3636 828 3703 Schuld
850 3636 956 3699 nacb“
987 3637 1038 3702 vel
1062 3639 1159 3703 etiam
1186 3656 1356 3718 „errorem

266 3753 276 3800 e
298 3754 362 3816 quo
377 3740 475 3799 antea
496 3756 560 3810 non
577 3728 791 3816 questa‘sum,
814 3738 928 3816 postea
944 3733 1008 3798 iam
1029 3736 1199 3816 gemebam
1207 3739 1229 3799 “.
1266 3735 1358 3800 Idem

266 3833 370 3899 erbum
393 3831 480 3914 apud
502 3832 698 3917 Aeschylum
721 3832 812 3897 Eum.
830 3834 871 3895 59
894 3823 952 3894 οὐκ
975 3825 1102 3896 ὄπωπα
1206 3826 1278 3916 ἥτις
1301 3824 1357 3896 αἶα

266 3926 329 3993 ιῦτ’
354 3926 529 4010 ἐπεύχεται
543 3935 636 4012 γένος
651 3921 812 4014 τρέφουσ’
838 3920 934 3992 ἀνατὶ
949 3926 992 4014 μὴ
1009 3926 1218 4010 μεταστένειν
1235 3926 1356 4013 rodoam

266 4028 275 4088 '.
297 4026 715 4109 μεταστοναχίζαμαι
738 4026 814 4093 Hes·
837 4033 917 4092 scut.
932 4028 974 4090 92
997 4024 1107 4089 πολλὰ
1128 4031 1358 4107 μετισταιαχί-

266 4116 300 4188 τ’
326 4121 470 4189 ὀπίσσω.

321 4220 559 4298 μετακλαίω
592 4229 631 4286 Λ
661 4225 722 4287 764
757 4209 775 4306 ἧ
806 4219 839 4286 ιε’
868 4245 924 4303 μιν
949 4213 1134 4299 (Ἀχιλλέα)
1158 4219 1219 4285 o'r'ur
1248 4221 1358 4289 πολλὰ

266 4316 537 4398 ιτακλαύσεσθαι,
562 4318 636 4385 ἐπεί
659 4311 689 4383 κ’
715 4315 785 4384 ἀπὸ
808 4317 888 4396 λαὸς
911 4315 1035 4403 ὄληται.
