3442 5359
371 735 412 798 82
867 735 1019 788 Beermann

457 912 525 975 Iam
547 918 582 974 ut
603 909 646 974 acl
669 927 867 974 consonas
890 912 1067 985 transeam,
1091 904 1203 986 negari
1226 902 1315 968 haud
1337 907 1447 985 potest
1466 901 1499 977 in

370 1009 420 1074 his
443 1009 580 1073 Boeotos
603 1006 819 1090 asperioribus
842 1014 874 1070 et
896 1003 1076 1069 durioribus
1101 1002 1189 1068 sonis
1216 1000 1337 1066 lavisse
1367 998 1422 1078 (rid
1443 1021 1500 1083 pro

372 1103 396 1183 ζ,
420 1129 458 1168 π
480 1125 537 1189 pro
561 1109 626 1182 σο),
649 1104 804 1188 imprimis
826 1103 1002 1186 posteriore
1024 1107 1177 1183 tempore,
1200 1119 1272 1164 oum
1296 1098 1444 1164 dicerent
1464 1121 1500 1160 rr

370 1224 427 1286 pro
452 1225 500 1280 oc,
525 1200 690 1282 πούλιμον
713 1221 771 1285 pro
793 1198 964 1283 βούλιμον,
987 1197 1078 1276 τῖξον
1101 1218 1159 1282 pro
1182 1198 1299 1275 δεῖξον.
1333 1197 1418 1262 Sunt
1440 1196 1502 1261 hae

369 1302 555 1367 affectiones
592 1299 726 1367 eaedem
762 1299 815 1363 vel
853 1298 990 1376 similes,
1029 1298 1141 1379 quales
1178 1296 1333 1362 exhibent
1371 1294 1501 1360 dialecti

368 1399 547 1480 Laconum,
577 1397 791 1478 Cretensium,
821 1395 1067 1479 Megarensium.
1111 1394 1170 1459 His
1198 1401 1307 1460 autem
1335 1395 1371 1459 in
1400 1401 1502 1458 muta-

368 1497 510 1562 tionibus
539 1496 666 1580 topicae
695 1494 850 1560 sermonis
880 1493 1082 1559 differentiae
1103 1493 1159 1557 vix
1181 1499 1317 1576 possunt
1339 1491 1501 1558 constitui.

455 1594 659 1660 Corinnae
689 1591 911 1657 carminum
942 1590 1293 1674 orthographiam,
1323 1590 1432 1673 qualis
1460 1590 1502 1654 ad

368 1713 427 1757 nos
451 1699 501 1758 est
523 1696 711 1774 propagata,
734 1709 800 1754 non
815 1689 856 1753 ab
874 1707 913 1753 ea
930 1688 1003 1772 ipsa
1025 1707 1095 1753 esse
1117 1687 1293 1772 profectam
1315 1689 1376 1754 sed
1399 1688 1501 1753 multo

367 1790 543 1872 posteriore
572 1795 716 1871 tempore
748 1787 791 1851 ad
818 1805 964 1850 normam
992 1805 1098 1852 novae
1126 1788 1327 1852 litteraturae
1358 1805 1433 1852 esse
1458 1786 1501 1851 la-

367 1898 450 1951 ctam
479 1885 667 1951 iamdudum
695 1885 894 1951 intellectum
927 1891 976 1949 est
1004 1885 1142 1961 (Ahrens
1170 1886 1288 1968 12003
1319 1884 1501 1966 Kirchhoff,

367 1985 476 2049 Herm.
502 1984 660 2059 111451).
703 1981 968 2048 Luculentissime
996 1983 1057 2047 hoc
1084 1988 1221 2065 apparet
1249 1982 1378 2049 collatis
1408 2003 1501 2049 voca·

366 2081 445 2146 lium
475 2082 652 2164 scripturis,
686 2100 765 2162 quas
794 2079 949 2145 exhibent
980 2078 1175 2161 fragmenta,
1209 2100 1281 2146 oum
1315 2081 1380 2162 eis,
1419 2101 1501 2164 qnae

366 2186 495 2264 praesto
518 2186 592 2245 sunt
617 2179 651 2243 in
674 2178 774 2243 titulis
795 2178 950 2260 antiquis,
979 2177 1014 2241 id
1042 2177 1127 2259 quod
1155 2178 1335 2244 accuratius
1365 2180 1500 2262 exsequi

367 2276 573 2359 supersedeo.
617 2277 685 2341 Iam
719 2276 745 2341 si
775 2277 972 2358 quaerimus,
1007 2276 1096 2340 cuius
1129 2275 1245 2341 aetatis
1278 2283 1311 2341 et
1343 2277 1436 2344 urbis
1468 2278 1502 2342 id

368 2373 528 2439 scribendi
550 2393 652 2456 genus
674 2373 777 2452 fuerit,
801 2394 866 2438 non
888 2373 947 2437 illa
968 2373 1148 2455 fragmenta
1169 2379 1294 2438 tantum
1317 2373 1378 2440 sed
1402 2375 1500 2441 etiam

366 2471 646 2554 grammaticorum
679 2470 863 2536 testimonia
894 2470 1097 2554 respicienda
1129 2476 1213 2537 sunt.
1264 2471 1501 2539 Grammaticos

368 2570 464 2648 enim,
488 2589 558 2635 cum
573 2569 640 2634 fere
656 2569 772 2649 omnia,
796 2588 879 2650 quae
894 2569 1035 2634 referunt
1049 2568 1091 2633 de
1107 2568 1263 2650 dialectis,
1280 2589 1321 2636 ex
1338 2572 1502 2654 scriptori-

367 2668 426 2734 bus
451 2667 672 2749 hauserunt),
703 2665 861 2731 Corinnae
884 2666 1028 2731 carmina
1051 2687 1149 2730 unum
1172 2666 1302 2733 dialecti
1325 2667 1502 2735 Boeotioae

365 2765 486 2832 fontem
502 2764 653 2830 habuisse
669 2764 836 2847 probabile
850 2770 908 2830 est.
932 2765 982 2828 Ex
995 2765 1169 2829 carminum
1184 2771 1293 2830 autem
1309 2766 1502 2850 fragmentis

367 2871 399 2929 et
420 2862 698 2946 grammaticorum
717 2861 908 2927 testimoniis
924 2869 1061 2944 apparet
1075 2882 1113 2927 eo
1131 2871 1285 2945 tempore,
1309 2884 1373 2946 quo
1389 2865 1502 2932 Corin-

366 2981 429 3028 nae
451 2961 625 3026 carminum
656 2959 885 3041 orthographia
908 2960 1167 3042 constitueretur,
1197 2982 1236 3024 ου
1267 2980 1396 3046 semper·
1427 2965 1501 3030 scri-

365 3070 454 3144 ptum
478 3077 549 3124 esse
572 3079 628 3142 pro
644 3082 673 3135 o,
698 3058 780 3122 inter
802 3077 822 3121 c
839 3062 871 3122 et
894 3081 906 3120 ι
928 3065 1004 3122 ante
1025 3058 1154 3123 vocales
1176 3058 1283 3140 posita
1305 3061 1499 3144 scripturam

365 3156 536 3221 fluctuasse
559 3153 663 3233 (θιός,
686 3156 778 3230 τιοῦς
801 3190 841 3200 -
864 3156 973 3230 τεοῦς,
998 3152 1099 3231 boici,
1124 3157 1300 3220 miamin
1323 3181 1342 3219 v
1366 3158 1499 3241 abiisse,

366 3273 484 3338 qrrero
506 3253 540 3316 in
564 3275 597 3316 οι
618 3258 752 3332 tantum,
776 3252 917 3317 nondum
940 3253 973 3317 in
997 3277 1015 3317 v
1039 3253 1240 3320 debilitatum
1256 3273 1337 3321 esse.
1383 3257 1501 3323 Eluoet

366 3351 450 3415 hanc
472 3349 633 3415 scribendi
655 3349 811 3413 rationem
833 3369 900 3414 non
915 3350 1013 3417 fuisse
1028 3354 1291 3433 Tanagraeorum
1307 3354 1361 3418 uel
1377 3353 1499 3420 Orcho·

364 3447 557 3528 meniorum3
581 3449 751 3527 Tanagrae
766 3447 852 3510 enim
868 3447 931 3511 iam
946 3455 1032 3529 ante,
1056 3447 1248 3514 Orchomeni
1269 3457 1378 3516 autem
1399 3455 1500 3534 paulo

365 3551 438 3629 post
466 3563 583 3608 novam
610 3543 821 3608 litteraturam
844 3554 1006 3629 receptam
1029 3571 1055 3629 ῳ
1078 3547 1110 3610 in
1135 3569 1169 3610 οε
1191 3555 1223 3612 et
1246 3571 1264 3610 o
1287 3549 1404 3613 mutari
1429 3569 1499 3617 coe·

365 3650 455 3726 ptum
489 3646 546 3707 est.
603 3640 721 3705 Verum
753 3642 780 3705 si
812 3642 889 3722 quid
925 3643 1019 3710 video
1051 3645 1097 3709 ita
1131 3645 1316 3710 scribebant
1346 3647 1498 3713 Thebani

434 3853 465 3914 ⁵⁴)
491 3851 523 3903 In
541 3849 661 3920 Hesychi
683 3850 790 3919 quidem
806 3851 935 3907 thesauro
953 3853 1034 3907 etiam
1051 3853 1197 3908 nonnullae
1219 3854 1327 3922 glossae
1344 3855 1494 3910 Boeotioae

363 3947 378 3985 e
403 3930 530 4001 populari
551 3931 771 4000 pronuntiatione
793 3938 919 3987 enotatae
943 3935 1038 3988 adesse
1055 3934 1188 3990 videntur.
1222 3936 1285 3990 Huc
1309 3934 1396 3991 refero
1416 3939 1494 3996 τῖξον

364 4014 390 4078 (ξ
413 4017 442 4065 12
460 4012 488 4064 lI
505 4011 532 4074 b)
552 4017 579 4065 et
596 4011 664 4065 illud
682 4008 697 4063 ὅ
717 4013 861 4082 πίττομαι·
883 4010 914 4065 οὗ
933 4014 1075 4084 πείθομαι,
1098 4017 1223 4076 Βοιωτοί,
1243 4017 1335 4086 potius
1354 4011 1369 4066 ὁ
1387 4016 1492 4085 πὶτομη

363 4092 542 4146 scribendum.
580 4093 744 4160 Corruptum
763 4098 853 4148 autem
872 4098 914 4148 est
931 4095 1012 4148 Photi
1032 4092 1209 4165 ὁπλίττομαι·
1235 4093 1266 4149 οὐ
1285 4097 1427 4166 πείθομαι,
1447 4095 1493 4148 καὶ

361 4175 444 4223 τοῦτο
463 4170 612 4241 Βοιώτιον;
631 4189 693 4226 nam
706 4175 835 4229 Ahrentis
854 4175 877 4238 (I
898 4180 953 4235 176,
972 4175 999 4227 Π
1014 4181 1073 4239 517)
1092 4177 1234 4245 explicatio
1254 4175 1416 4246 ὃπλίττομοι
1434 4177 1453 4230 i.
1469 4191 1491 4230 e.

289 4270 290 4273 ¹
362 4249 542 4321 φυλάσσομαι
561 4253 640 4316 ,mihi
659 4262 755 4308 caveo“
774 4254 852 4308 nimis
871 4255 1017 4310 artificiosa
1036 4257 1149 4323 ridetur,
1167 4264 1197 4312 ut
1215 4265 1320 4314 taceam
1338 4259 1370 4313 de
1386 4275 1420 4308 ττ
1437 4273 1489 4326 pro

362 4330 490 4399 {posito
