3442 5359
667 704 700 758 de
718 703 833 760 dialecto
851 703 990 760 Boeotico.
1113 789 1116 796 ι
1352 708 1394 770 69

339 873 361 938 ὁ
394 895 470 959 pro
501 872 519 952 ζ
544 876 697 941 initiali
726 877 918 959 conspicitur
947 878 981 942 in
1009 876 1097 955 Δάν,
1128 877 1214 957 Δεύς
1242 901 1393 967 gramm.;

249 970 341 1049 Δεύς
377 975 434 1038 Ar.
459 974 620 1039 1111911
652 974 769 1058 schol.;
803 1010 844 1020 -
879 973 1016 1055 δαμιώω
1046 979 1120 1053 (Art.
1153 976 1269 1062 ζημιώ)
1298 978 1391 1046 Orth.

251 1073 295 1136 D.
322 1077 350 1155 1,
377 1083 419 1137 14.
444 1075 474 1153 2,
499 1084 536 1136 u.
560 1075 589 1152 3,
616 1083 658 1156 123
685 1107 726 1117 -
749 1069 946 1150 Δεύξιππος
968 1074 1026 1138 K.²
1048 1079 1116 1158 38⁵,
1143 1089 1179 1144 u.
1208 1081 1311 1146 Theb.
1335 1082 1393 1146 K.²

254 1173 325 1250 360,
353 1179 401 1252 14;
431 1203 473 1214 -
501 1169 621 1252 Δῆθος
647 1190 798 1255 gramm.;
828 1205 870 1217 —
897 1168 1030 1248 Δώάος
1060 1173 1137 1258 Oop.
1168 1175 1225 1240 K)
1248 1180 1322 1260 36¹,
1345 1190 1391 1270 243

255 1303 299 1314 -
326 1262 429 1348 ὀυγόν
451 1286 583 1349 gramm.

346 1364 449 1431 Vides
477 1364 574 1446 igitur
597 1363 787 1448 §cuiusque
815 1368 943 1448 generis
972 1369 1042 1434 sive
1070 1388 1110 1434 ex
1138 1370 1176 1454 gij
1196 1371 1265 1436 sive
1293 1391 1333 1438 ex
1357 1371 1394 1456 ὁ]

258 1465 330 1530 sive
354 1483 394 1529 ex
408 1463 433 1547 j
454 1468 565 1527 natum
587 1470 743 1528 mutatum
766 1482 846 1529 esse.
883 1465 987 1546 Atque
1009 1467 1207 1533 assimulatio
1231 1471 1390 1550 quomodo

256 1559 420 1642 iactauit,
445 1560 586 1642 explicat
609 1559 734 1626 Curtius
757 1562 843 1638 (Gz.4
866 1566 939 1638 657)
961 1562 1111 1639 ,Gerade
1132 1566 1194 1631 wie
1218 1565 1269 1632 die
1292 1568 1391 1632 Boeo·

258 1661 322 1725 tier
343 1679 385 1722 co
400 1678 439 1722 zu
454 1681 500 1734 ττ,
526 1678 561 1723 so
583 1658 733 1723 maohten
756 1658 804 1725 sio
823 1657 863 1721 uz
877 1680 915 1723 zu
932 1658 1002 1741 δδ“,
1026 1663 1122 1744 paulo
1144 1664 1238 1728 aliter
1260 1669 1300 1747 (p.
1318 1668 1392 1743 tot)

259 1758 329 1834 ,Es
359 1754 444 1836 steht
477 1756 546 1822 also
583 1755 660 1838 fest,
700 1755 775 1821 dasz
812 1755 882 1821 hier
918 1757 1116 1841 uoco-jetur
1154 1769 1391 1844 vorausgesetnt

259 1853 394 1920 werden
417 1873 521 1934 musz,
549 1863 678 1919 ‘vuoraus
707 1873 790 1936 genu
815 1853 849 1918 in
873 1853 1043 1921 dorselben
1066 1856 1174 1923 Weise
1198 1857 1295 1924 durch
1320 1880 1390 1942 pro-

259 1952 406 2035 gressive
429 1950 650 2016 Assimilation
678 1947 885 2032 κριδ·δέ-μεν
913 1953 1021 2033 ward,
1051 1955 1112 2019 wie
1141 1957 1223 2021 aeol.
1253 1953 1390 2020 κτὲν-νω

259 2070 321 2115 aus
342 2048 477 2132 actv-jor
500 2052 599 2129 eto.“;
629 2048 787 2125 (similiter
816 2048 857 2114 de
881 2047 900 2112 δ
921 2070 978 2132 pro
1003 2048 1155 2128 {initiali
1184 2054 1287 2135 posito
1314 2054 1392 2118 dicit

259 2149 296 2212 in
320 2148 394 2213 eze
417 2150 489 2212 605.
513 2148 597 2220 6191.
641 2146 724 2211 Hinc
747 2146 833 2210 enim
856 2146 988 2230 colligas
1010 2147 1094 2214 hane
1115 2150 1391 2217 assimulationem

260 2265 301 2311 eo
330 2251 475 2328 tempore
503 2243 619 2307 factam
643 2263 729 2327 esse,
759 2264 830 2308 cum
851 2243 876 2327 j
895 2245 1088 2311 elementum
1110 2249 1234 2313 valeret
1255 2247 1390 2313 necdum

259 2343 295 2407 in
317 2363 338 2403 z
362 2340 566 2408 assibilatum
589 2348 683 2407 esset.
729 2340 822 2420 Quod
845 2363 909 2407 non
932 2343 977 2407 ita
998 2361 1034 2408 se
1055 2344 1176 2410 habere
1198 2364 1389 2428 quamquam

261 2461 303 2508 ex
332 2440 472 2505 dialecto
496 2437 646 2504 Boeotios
672 2440 801 2523 probari
824 2440 949 2522 nequit,
980 2460 1050 2507 oum
1073 2443 1106 2506 in
1128 2443 1268 2524 antiquis
1290 2442 1392 2507 titulis

260 2540 447 2621 exemplum
472 2537 599 2604 litterae
626 2535 645 2614 ζ
667 2558 796 2620 prorsus
819 2536 918 2616 desit,
949 2539 1101 2622 analogia
1122 2540 1301 2605 Laconicae
1325 2540 1392 2605 dia·

259 2638 336 2703 lecti
364 2636 497 2717 suadet,
527 2655 622 2717 quam
653 2632 671 2711 ζ
696 2642 809 2717 postea
837 2636 871 2698 in
902 2634 942 2698 δδ
957 2635 1000 2712 (ci)
1029 2644 1184 2702 mutatum
1214 2638 1314 2720 primo
1344 2656 1391 2703 re·

259 2736 398 2802 tinuisse
427 2733 544 2798 docent
573 2740 604 2798 et
632 2732 716 2797 tituli
744 2732 906 2814 antiquit)
936 2743 968 2798 et
995 2735 1125 2799 tabulae
1147 2735 1390 2816 Heracleenses,

259 2854 281 2898 a
310 2832 427 2914 quibus
455 2830 514 2895 illa
542 2829 675 2894 mutatio
705 2835 753 2895 est
781 2831 889 2895 aliena
921 2830 1077 2912 (Meister,
1110 2832 1200 2896 Stud.
1230 2832 1275 2895 IV
1306 2836 1390 2908 410).

259 2933 375 3013 Itaque
398 2928 494 2996 etiam
511 2927 640 2994 Boeotis
655 2927 816 2993 veteribus
833 2927 851 3006 ζ
863 2928 1024 2994 ascribere
1046 2929 1129 2993 licet.
1153 2964 1194 2974 -
1217 2928 1261 2993 Ut
1283 2935 1390 2993 autern

260 3029 280 3092 δ
303 3048 361 3112 pro
390 3025 409 3104 ζ
430 3025 547 3090 initiali
569 3025 708 3108 positum
731 3046 796 3090 non
818 3027 923 3090 minus
944 3025 1216 3090 assimulationem
1241 3025 1388 3107 habeam,

259 3146 358 3209 quarn
388 3122 429 3187 riri
451 3144 508 3206 pro
533 3121 563 3201 ζ,
588 3122 731 3188 adducor
752 3124 853 3188 forma
877 3122 1002 3189 Cretica
1026 3124 1137 3206 Ττῆνα
1159 3142 1216 3205 pro
1240 3121 1389 3207 *Δδῆνω

258 3225 375 3307 Itaque
397 3222 444 3286 ita
464 3240 516 3286 res
538 3223 609 3286 se'se
637 3220 757 3285 habere
779 3221 916 3304 videtur,
945 3227 979 3285 ut
1001 3226 1126 3286 veteres
1152 3220 1264 3285 Boeoti
1287 3219 1389 3297 {non

258 3321 432 3401 mutarint,
463 3317 656 3390 recentiores
678 3319 873 3384 assimulatis
896 3317 915 3381 δ
937 3324 970 3385 et
991 3339 1012 3379 z
1034 3318 1066 3383 in
1089 3317 1195 3383 medio
1221 3318 1391 3383 vocabulo·

257 3440 331 3484 rum
348 3417 389 3482 ut
410 3415 586 3500 posuerint,
609 3415 643 3480 in
665 3415 769 3481 fronte
791 3436 860 3481 curn
886 3414 926 3479 δδ
948 3415 1086 3483 scribere
1108 3417 1233 3482 nollent
1255 3417 1389 3481 alterum

259 3516 280 3580 δ
307 3514 482 3582 omiserint.

347 3619 381 3696 g)
420 3634 483 3676 ππ
504 3641 547 3663 =
568 3636 636 3694 μπ.

324 3778 326 3783 ,
348 3711 439 3776 Haeo
462 3709 569 3774 durior
590 3708 789 3774 assimulatio
813 3716 940 3791 praesto
957 3715 1004 3774 est
1026 3706 1059 3770 in
1084 3705 1232 3783 ἕππασις
1253 3728 1311 3789 pro
1335 3706 1389 3786 ἔμ-

262 3830 384 3886 naues,
409 3807 474 3872 Att.
499 3805 659 3890 ἔγκτησις,
683 3803 775 3872 Orch-
801 3806 841 3870 K.
868 3811 894 3888 1,
918 3818 941 3867 6.
976 3806 1057 3868 Tan.
1081 3802 1114 3867 0.
1141 3807 1250 3883 15633
1272 3814 1296 3863 4.
1320 3801 1341 3882 ¹³,
1365 3815 1389 3883 t,

333 4061 366 4124 50)
394 4057 457 4113 Non
479 4058 585 4126 quidem
608 4073 703 4127 urgeo,
730 4057 802 4126 quod
825 4057 854 4109 in
877 4053 989 4108 donario
1014 4052 1198 4106 Plataeensio
1224 4050 1390 4104 Laconicam

265 4139 408 4194 ffialcctum
426 4139 565 4193 exhibenti
578 4140 723 4207 Τροζάνιοι
741 4137 871 4206 scriptum
887 4137 939 4199 est,
959 4137 1076 4186 attamen
1095 4132 1147 4194 ζώῃ
1167 4136 1194 4185 et
1213 4132 1294 4189 ζῶντι
1311 4132 1390 4198 quin-

266 4220 342 4288 quies
359 4222 469 4273 exstant
489 4219 517 4272 in
539 4218 716 4287 inscriptione
739 4216 860 4282 (Kirchh.
884 4214 955 4268 Berl.
979 4211 1147 4267 Monatsber.
1169 4214 1232 4264 1870
1255 4227 1282 4279 p.
1302 4215 1332 4263 51
1352 4210 1391 4276 b),

269 4315 350 4369 quam
367 4299 531 4369 Laconicam
549 4313 607 4354 esse
626 4315 675 4354 suo
693 4299 751 4352 iure
768 4296 865 4352 statuit
881 4292 1076 4348 Kirchhoifius.
