3442 5359
500 767 756 836 Vocalverkssrzung
773 767 828 822 und
845 766 1006 822 Metsthesis
1022 767 1059 822 im
1076 768 1229 823 Ionisehen.
1361 765 1424 826 217

295 943 376 1010 tiker
389 979 433 988 —
449 942 537 1008 denn
559 941 609 1007 bIs
624 941 683 1006 auf
699 940 768 1006 ihre
791 940 863 1006 Zeit
880 941 1000 1007 zurflek
1020 940 1124 1024 gehen
1139 939 1228 1007 diese
1242 940 1379 1008 Netinen
1389 945 1422 1018 ¹²)

295 1075 336 1088 -
363 1041 423 1108 das
446 1037 726 1107 Sachverh‘sltniss
754 1037 855 1121 vtllig
884 1058 953 1121 um,
983 1058 1019 1104 so
1041 1036 1206 1104 Herodian
1234 1038 1317 1104 naeh
1347 1039 1421 1106 dem

297 1140 344 1205 Et.
366 1139 409 1204 M.
437 1141 509 1222 193,
532 1140 588 1209 43ι
617 1132 800 1220 ἐβεβόλιγτο
824 1133 1026 1221 ἕβεβόληντο
1050 1136 1109 1200 καὶ
1127 1131 1280 1211 Ἰωνικῶς
1302 1133 1423 1218 ἐβεβο-

299 1234 420 1324 λήατο·
451 1239 564 1318 Λέγει
585 1231 647 1317 γὰρ
671 1227 688 1296 ὁ
712 1231 880 1313 τεχνικός·
914 1232 946 1296 οἱ
968 1237 1086 1314 μέντοι
1108 1227 1178 1296 ἀπὸ
1201 1238 1423 1315 περισπωμέ-
1492 1285 1506 1310 .

297 1355 361 1399 νων
390 1330 741 1414 ταοτοσολλαβοῦντες
770 1328 839 1414 πρὸ
869 1336 928 1394 τοῦ
952 1353 973 1393 α
996 1327 1110 1410 ’έχουσι
1137 1329 1175 1393 τὸ
1201 1347 1233 1395 ε·
1264 1327 1336 1395 οἷον
1359 1355 1422 1397 ιτε-

297 1437 458 1517 ιιοέιγνται
481 1433 696 1494 ιιειιοιέαται.
745 1422 861 1503 Οὕτως
885 1417 942 1491 οὖν
965 1428 1021 1492 καὶ
1041 1428 1242 1510 βεβολέατο·
1272 1429 1330 1493 καὶ
1352 1428 1423 1495 διὰ

296 1525 1128 1613 τὸἐπάλληλοντιῦνβραχέων((1.1ι.νιθςθιι
1143 1524 1422 1594 desZusammen-

297 1626 428 1694 treffens
450 1626 508 1691 den
528 1624 649 1690 kurzen
671 1621 807 1705 Vosne,
838 1621 949 1688 womit
976 1622 1029 1688 die
1052 1621 1263 1703 Chronologie
1285 1623 1343 1692 der
1363 1626 1421 1690 Er-

298 1724 474 1804 snheinung
494 1721 634 1807 gradezu
656 1720 715 1786 suf
740 1719 804 1787 den
824 1720 917 1803 Kopf
940 1719 1070 1801 gestellt
1091 1719 1184 1795 wird)
1208 1718 1345 1798 έκτασις
1367 1728 1423 1807 γέ-

297 1845 373 1906 γονε
396 1827 488 1885 τοῦε
512 1818 561 1896 εἰς
584 1844 603 1905 η
626 1815 831 1904 βεβολήατο;
856 1817 926 1883 dies
948 1817 1069 1882 stimmt
1091 1817 1236 1883 wertlieh
1258 1817 1301 1884 im
1324 1821 1423 1887 wish-
1525 1845 1527 1848 ⁴

297 1920 414 2006 tigsten
428 1916 600 1984 Ausdruek
622 1915 758 1992 ἐ’κτασις
780 1913 941 1999 ποιητικὴ
966 1912 1023 1978 διὰ
1045 1913 1105 2000 τὴν
1129 1913 1333 2000 έιταλληλίαν
1356 1924 1422 1983 τῶν

297 2020 449 2099 βραχέων
471 2016 529 2080 mit
551 2013 613 2080 den
635 2034 693 2080 aus
707 2011 871 2079 Herodian
889 2011 1108 2095 sehtpfenden
1121 2011 1341 2080 Iliasseholien
1365 2015 1424 2082 des

298 2114 408 2180 Codex
430 2113 570 2180 Venetus
593 2132 631 2177 zu
653 2117 683 2174 Γ
703 2114 761 2176 183
786 2113 851 2175 13.
895 2109 971 2174 Man
993 2110 1057 2192 vgl.
1073 2108 1155 2176 suth
1170 2108 1288 2178 Snidas
1310 2112 1421 2178 εἵατο·

295 2209 438 2276 Ἰωνικὸν
462 2209 550 2288 ἕατο,
574 2215 761 2294 ποιητικῶς
785 2207 889 2284 εἵατο,
912 2207 963 2272 Et.
986 2207 1027 2270 M.
1052 2210 1123 2289 662,
1147 2211 1187 2272 20
1211 2215 1423 2276 ττειτοτέαται

296 2305 407 2385 Ἰακιῦς
437 2308 494 2372 καὶ
524 2306 609 2372 κατὰ
630 2302 745 2382 Ἴωνας
775 2306 832 2370 καὶ
860 2301 997 2370 ἐκτάσει
1025 2302 1250 2389 πεποτήαται.
1296 2308 1423 2376 Ebenso

297 2407 399 2474 falech
427 2407 471 2472 ist
492 2406 563 2473 eine
586 2404 683 2470 dritte
704 2404 902 2486 Auffassung
931 2402 988 2467 des
1010 2400 1225 2487 Alterthums‚
1254 2404 1307 2471 die
1336 2428 1362 2472 n.
1385 2407 1421 2473 B.

299 2504 349 2572 die
364 2501 651 2571 Venetussehnlien
671 2523 709 2566 zu
732 2507 762 2564 Γ
783 2505 842 2566 134
866 2498 931 2565 und
948 2498 1093 2564 Eustath.
1117 2519 1155 2564 zu
1177 2505 1208 2564 B
1225 2507 1286 2566 340
1308 2503 1423 2587 geben,

298 2602 449 2685 wona0h‚
477 2601 538 2667 wie
569 2599 602 2664 In
627 2595 872 2683 Ἀρισταγόρεα
900 2599 943 2648 -’-
968 2593 1213 2682 Ἀρισταγόρην
1237 2598 1423 2682 Καμβύσεα

298 2729 339 2752 --
360 2696 545 2783 Καμβύσην
568 2720 607 2762 εα
630 2728 671 2747 =
694 2720 713 2781 η
737 2696 801 2778 sei;
833 2688 990 2770 ὡςαύτως
1019 2693 1075 2757 καὶ
1104 2692 1146 2755 τὰ
1176 2696 1261 2759 κατὰ
1292 2695 1424 2782 ἀποβο-

297 2797 357 2882 λὴν
387 2802 447 2862 τοῦ
474 2821 491 2861 ν
514 2794 571 2859 καὶ
601 2791 753 2858 διάλυσιν
783 2797 842 2856 τοῦ
872 2787 1126 2876 παρολήγοντος
1149 2816 1168 2877 η
1194 2790 1244 2870 εἰς
1266 2819 1282 2860 ε
1306 2798 1360 2861 καὶ
1385 2817 1421 2861 α·

300 2891 405 2971 οὕτως
427 2899 506 2977 γοῦν
518 2888 715 2975 Ἡρόδοτος·
739 2890 796 2955 καὶ
818 2884 1060 2951 ἆττοκαθέαται
1083 2890 1168 2973 φησὶ
1192 2892 1249 2956 καὶ
1271 2889 1424 2977 εἰρέαται

298 2989 372 3058 ιἰντὶ
394 2997 454 3056 τοῦ
479 2988 629 3076 εἴρηνται
652 2989 708 3053 καὶ
732 2982 893 3068 ὑμνέαται
916 2985 974 3048 καὶ
1002 2981 1139 3048 ἒκτέατο
1165 2981 1239 3052 ἀντὶ
1267 2997 1326 3054 τοῦ
1350 2989 1424 3058 ἐκέ-

298 3113 418 3176 κτηντο
442 3087 499 3152 καὶ
522 3085 677 3169 ἐτιμέατο
701 3085 774 3163 (soll
797 3081 990 3163 ἐτετιμέατο
1013 3080 1141 3147 heissen
1163 3084 1207 3149 VI
1224 3089 1305 3163 124).
1349 3089 1424 3156 Alle

300 3187 387 3254 disse
419 3185 558 3251 Formen
590 3183 664 3250 sind
697 3181 796 3249 durch
826 3199 941 3245 unsere
970 3176 1219 3247 Handsehriften
1252 3185 1421 3271 besttttigt3

298 3290 390 3351 untes
412 3282 488 3349 dem
502 3283 587 3348 Text
608 3281 691 3364 gebe
713 3280 766 3345 ieh
788 3280 850 3345 den
866 3277 1009 3358 Katalog
1032 3275 1201 3345 derselben
1220 3282 1301 3348 nach
1317 3283 1423 3350 Steins

298 3381 509 3464 Ausgabe¹³),
540 3378 615 3446 weil
645 3398 679 3445 er
706 3379 739 3443 in
768 3378 895 3462 einigen
918 3377 1061 3444 Stueken
1087 3378 1223 3445 anderen
1243 3379 1422 3466 Meinungs

299 3502 503 3513 -.--

368 3561 400 3626 ¹2)
425 3559 509 3627 Soger
526 3558 568 3613 bis
586 3575 647 3612 zum
664 3557 824 3612 Heraclides
842 3557 985 3620 Ponticus,
1010 3558 1170 3625 wenigstens
1187 3560 1258 3614 nach
1275 3559 1354 3615 Eust.
1373 3561 1422 3616 Od.

297 3662 312 3693 ο
331 3647 393 3696 354:
413 3640 476 3708 περὶ
494 3643 543 3690 τοῦ
561 3637 713 3708 ἐρράδαται
731 3636 938 3708 προδεδήλωται
956 3635 984 3690 έν
1002 3641 1041 3705 τῷ
1060 3636 1174 3706 ῥάσατι·
1194 3639 1277 3702 δῆλον
1294 3639 1314 3690 δ
1318 3636 1325 3654 ’
1347 3638 1390 3692 ὅτι
1409 3638 1423 3690 ὃ

299 3721 328 3774 τὸ
353 3719 519 3790 ἐρηρέδαται
545 3719 627 3786 γνοὺς
652 3719 755 3772 ἐκεῖθεν
781 3716 883 3772 εἴσεται
906 3716 951 3769 καί
977 3717 1028 3782 τὴν
1054 3719 1162 3782 κίνησιν
1190 3721 1241 3772 τοῦ
1265 3717 1423 3788 ἐρράδαται.

296 3799 471 3871 Ἡρακλείδης
494 3799 524 3852 δὲ
548 3797 740 3870 ἀκριβέστερόν
766 3819 792 3852 τι
813 3802 871 3852 τῶν
897 3797 951 3851 ἐκεῖ
966 3800 1167 3869 γεγραμμένων
1190 3797 1359 3868 παραδιδοὺς
1377 3798 1425 3851 διὰ

298 3878 424 3954 καθαροῦ
441 3877 613 3950 ἐκφέρεσθαι
629 3881 701 3950 λέγει
718 3878 888 3944 πληθοντιιιὰ
903 3877 1008 3931 Ἰωνικὰ
1021 3877 1090 3930 κατὰ
1106 3878 1156 3942 τὴν
1173 3880 1374 3949 ααρατέλιυτον
1391 3879 1423 3932 τὸ

298 3965 436 4017 κεκλέαται
454 3962 609 4023 νενοέαται,
636 3957 725 4014 εἵαται
749 3960 795 4013 διὰ
820 3961 982 4032 διφδόγγου
1005 3962 1062 4014 καὶ
1086 3954 1193 4023 ἥαται
1211 3958 1266 4010 διὰ
1285 3963 1345 4011 τοῦ
1362 3948 1424 4023 εἶτα

299 4044 341 4096 καὶ
356 4041 409 4097 ὅσα
422 4045 545 4094 τοιαῦτα.
570 4042 623 4096 Die
640 4042 721 4097 letzte
735 4042 807 4097 Zeile
824 4044 860 4096 ist
878 4043 1025 4099 besonders
1044 4042 1155 4097 deshalb
1173 4041 1346 4107 interessent,
1364 4042 1424 4096 weil

300 4125 356 4180 hier
374 4125 418 4179 eiu
436 4124 506 4177 altes
529 4123 607 4177 nicht
629 4138 717 4192 genug
741 4123 898 4178 beachtetes
916 4124 1046 4192 Zeugniss
1071 4124 1115 4177 stin
1139 4122 1182 4176 die
1204 4122 1291 4190 einzig
1311 4124 1425 4192 rishtige

302 4205 387 4260 durch
404 4203 509 4259 seleche
526 4202 742 4272 Umschreibung
765 4204 794 4258 in
818 4201 908 4257 εἵαται
929 4205 1070 4260 verdrehte
1088 4203 1169 4258 Form
1195 4197 1278 4265 ἥαιαι
1301 4204 1424 4273 vorliegt.

370 4288 402 4353 ¹³)
420 4306 435 4349 η
455 4299 505 4338 sus
522 4287 552 4336 οἷς
579 4285 709 4337 κατέαται
726 4285 741 4337 Ι
761 4285 852 4339 19911
871 4289 903 4340 86
921 4284 960 4340 IV
981 4289 1035 4352 196,
1061 4283 1246 4338 ἀποκατέαται
1262 4284 1301 4339 Ν
1319 4290 1360 4351 66,
1378 4304 1424 4338 κα-

303 4367 380 4420 τέατο
398 4365 440 4420 IlI
461 4369 508 4418 144
532 4364 597 4418 VIII
617 4370 648 4419 73
671 4365 711 4418 IX
729 4369 771 4432 90,
795 4367 972 4436 περικατέατο
991 4365 1031 4420 VI
1049 4370 1081 4420 23
1102 4365 1168 4419 VIII
1189 4370 1250 4432 111,
1274 4363 1423 4436 ἐμεμνέατο

1170 4452 1221 4506 15*
