3442 5359
678 1525 1021 1595 PRAEMONENDA.

361 1700 545 1780 Postquam
575 1695 696 1780 primus
723 1697 907 1764 Boeckbius
935 1699 969 1763 iu
992 1697 1142 1782 Corporis
1169 1698 1411 1782 inscriptionum

276 1798 479 1865 Graecarum
517 1793 680 1861 volumine
716 1794 819 1878 primo
852 1815 884 1877 p.
909 1798 968 1859 717
992 1815 1039 1878 sq.
1078 1795 1207 1862 dialecti
1240 1796 1412 1864 Boeoticae

278 1895 424 1963 tenebris
446 1893 552 1958 lucem
575 1892 698 1975 attulit,
729 1891 848 1957 deinde
877 1891 1084 1958 dialectorum
1108 1892 1302 1959 Graecarum
1324 1894 1412 1961 inve-

279 1994 416 2076 stigator
450 1990 577 2055 Ahrens
613 1987 667 2066 (de
699 1989 842 2055 Graecae
876 1990 1007 2072 linguae
1044 1989 1192 2057 dialectis
1224 1992 1240 2056 I
1271 1995 1332 2056 164
1350 1995 1411 2075 sq.)

281 2090 442 2174 sagaciter
465 2093 562 2169 atque
587 2086 755 2168 ingeniose
777 2086 898 2152 additis
918 2088 1200 2168 grammaticorum
1221 2088 1413 2155 testimoniis

281 2186 453 2254 uberrimis
482 2185 523 2251 de
552 2204 592 2251 ea
621 2184 786 2266 disseruit,
815 2190 863 2249 tot
891 2192 1096 2251 accesserunt
1123 2186 1236 2270 copiae
1264 2194 1296 2253 et
1323 2185 1413 2252 adiu·

282 2291 404 2366 menta,
426 2288 468 2348 ut.
477 2301 594 2364 operae
610 2280 746 2364 pretium
762 2279 911 2347 videatur
926 2282 1097 2347 dialectum
1115 2283 1189 2365 plus
1203 2303 1267 2349 uno
1283 2283 1413 2349 nomine

281 2381 460 2448 notabilem
484 2381 589 2446 denuo
611 2379 645 2444 in
668 2397 805 2443 examen
820 2398 945 2445 vocare.
977 2380 1090 2461 Neque
1105 2379 1191 2446 euim
1206 2380 1309 2447 solum
1331 2379 1413 2444 viro·

281 2500 353 2546 rum
384 2479 549 2543 doctorum
582 2495 681 2559 opera
713 2495 865 2541 numerus
896 2476 1060 2541 titulorum
1091 2475 1179 2542 haud
1212 2477 1414 2543 mediocriter

281 2582 398 2643 auctus
420 2581 484 2657 est,
515 2573 573 2639 sed
596 2574 691 2639 etiam
720 2573 950 2655 grammaticae
974 2575 1213 2656 comparativae
1235 2582 1267 2640 et
1288 2574 1413 2657 epigra-

281 2675 401 2760 pbicae
423 2672 528 2738 studio
551 2670 725 2736 adiuvante
746 2671 921 2752 permulta,
951 2690 1033 2752 quae
1055 2677 1153 2737 antea
1175 2672 1311 2737 obscura
1332 2672 1414 2738 iace·

281 2774 365 2838 bant
388 2778 420 2837 et
441 2771 607 2853 perplexa,
629 2768 693 2831 iam
716 2768 815 2850 plane
838 2766 1078 2850 intelleguntur.

812 3023 831 3100 s
856 3026 884 3084 1.

680 3165 681 3168 ¹
721 3170 772 3227 DE
790 3169 983 3225 FONTIBUS.

372 3311 424 3376 Ad
462 3310 634 3377 dialectum
671 3310 856 3375 Boeoticam
893 3295 1149 3390 cognoscendam
1183 3308 1244 3374 tria
1280 3306 1414 3373 lentium

283 3415 621 3573 {pgielrgnggppetunb
652 3427 734 3490 quae
764 3407 791 3473 si
819 3408 1041 3472 auctoritatem
1067 3413 1249 3490 spectamus
1273 3404 1320 3471 ita
1341 3412 1416 3471 sunt

348 3625 376 3697 Il
399 3624 510 3689 Tituli.

330 3723 376 3792 II)
398 3723 431 3798 a)
453 3722 624 3787 Poetarum
647 3718 837 3802 fragmenta.

396 3818 429 3894 b)
453 3817 740 3884 Grammaticorum
763 3816 956 3882 testimonia.

312 3942 314 3945 ’
419 3969 447 4048 1)
474 3971 530 4034 ue
552 3968 700 4034 lituus.

377 4088 476 4154 Tituli
505 4087 662 4168 Boeotici,
692 4086 747 4169 qui
775 4092 848 4170 post
874 4082 997 4167 Corpus
1024 4082 1266 4165 inscriptionum
1295 4080 1415 4147 editum

290 4187 327 4252 iu
348 4186 454 4252 lucem
476 4183 672 4269 prodierunt,
698 4184 732 4248 in
754 4181 972 4266 compluribus
995 4181 1084 4246 libris
1106 4187 1181 4246 sunt
1202 4178 1339 4264 dispersi
1359 4179 1415 4256 ita,

293 4292 330 4348 ut
350 4283 505 4365 imprimis
535 4282 594 4348 sub
617 4301 681 4347 uno
704 4289 837 4364 aspectu
866 4280 1052 4363 ponendum
1074 4279 1115 4344 sit
1136 4277 1292 4363 quidquid
1312 4277 1417 4342 titulo*

1178 4381 1189 4432 1
1198 4379 1214 4412 *
