3442 5359
367 718 407 776 70
858 717 1009 771 Beermann

364 889 449 973 quod
473 887 591 964 ἔντασις
613 889 760 954 scribitur
776 889 810 954 in
826 887 920 955 Oroh.
937 888 971 954 C.
991 893 1082 970 1564,
1099 901 1137 952 to.
1166 889 1267 955 Theb.
1288 895 1379 971 1565,
1401 903 1416 953 8
1439 890 1488 968 (of.

364 994 429 1053 not.
446 990 511 1063 49).
548 987 674 1053 Absens
696 987 724 1065 (I
739 990 799 1052 213
816 993 883 1052 not.
900 990 930 1064 2)
953 987 1075 1052 confert
1090 991 1260 1052 Καππανο
1284 995 1315 1054 et
1332 991 1486 1069 Καμπαν,

364 1089 566 1150 Λαππαὶων
597 1092 628 1150 et
649 1091 845 1166 Λαμπαίσσν
875 1084 908 1149 in
938 1085 1075 1150 nummis
1106 1087 1282 1166 exstantia,
1312 1079 1487 1168 ἇμπέμψει

365 1189 397 1249 ot
419 1176 609 1265 ἀππέμψει,
634 1180 809 1268 σαμφόρας
825 1189 856 1248 et
880 1182 1059 1268 σαπφόρας
1081 1184 1367 1266 grammaticorum.
1400 1183 1489 1249 Eius·

366 1279 438 1346 dem
467 1280 595 1362 generis
618 1281 816 1346 assimulatio
839 1283 1043 1365 progressiva
1066 1290 1113 1347 est
1136 1283 1169 1345 in
1192 1282 1356 1348 Lesbiacis
1380 1275 1486 1359 ὄσσα,

365 1372 509 1455 (ittarta,
533 1374 671 1460 yponae
693 1398 750 1460 pro
773 1375 913 1460 *iia-na
936 1384 995 1444 eto.
1019 1379 1107 1456 (Ahr.
1131 1380 1146 1443 I
1169 1382 1219 1461 69,
1242 1380 1381 1457 11581).

707 1854 875 1930 OAPVT
903 1856 1148 1932 TERTIVM.

604 2043 663 2108 DE
686 2041 890 2110 NOMINUM
913 2040 1250 2109 DEOLINATIONE.

450 2212 611 2294 Imprimis
627 2212 820 2278 monendum
844 2211 1084 2279 estBoootos
1107 2212 1266 2278 dualem
1290 2233 1489 2293 servasse,

365 2311 453 2376 ouius
480 2310 634 2374 iacturam
658 2309 798 2376 fecerunt
822 2310 946 2392 Lesbii3
978 2308 1082 2374 dualis
1112 2311 1196 2374 enirn
1232 2310 1353 2376 formae
1382 2312 1416 2374 in
1437 2310 1489 2375 fle-

364 2409 461 2473 xione
483 2415 514 2472 et
536 2405 699 2471 nominum
719 2415 750 2473 et
772 2409 941 2473 verborum
963 2406 1056 2472 nobis
1078 2413 1152 2472 sunt
1173 2407 1327 2473 traditae:
1353 2410 1489 2492 Θηβαία

365 2504 400 2568 C.
424 2508 481 2588 253
512 2501 560 2568 νεὶ
583 2501 628 2568 τώ
653 2502 715 2568 σιώ
737 2507 790 2571 Ar.
812 2506 892 2571 th.
917 2508 995 2588 9053
1025 2505 1088 2568 νῶε
1110 2508 1141 2585 (ξ
1166 2512 1203 2570 15
1226 2506 1269 2589 Ι),
1301 2503 1489 2589 {nonnemo

365 2600 399 2666 O.
424 2605 481 2685 253
506 2599 667 2666 ἀνεθέσαν
691 2601 784 2684 Qroh.
809 2602 840 2668 Ο,
870 2606 961 2683 1580,
985 2614 1007 2664 2.

879 2843 898 2920 o
925 2845 971 2905 rr.

753 2989 804 3043 nn
829 2989 1096 3046 snrsrrnnvrs.

449 3151 481 3225 a)
512 3143 763 3211 Terminatio
786 3167 883 3228 -φιν
902 3147 944 3211 ab
960 3147 1122 3231 Hesychio
1140 3142 1365 3230 σχηματισμὸς
1381 3143 1490 3210 Βοιώ-

362 3269 434 3324 τιος
460 3249 592 3311 vooatur
620 3243 654 3306 in
688 3240 921 3328 πασσαλόφιν·
955 3245 1014 3308 τοῦ
1043 3241 1228 3308 πασσάλου.
1280 3242 1370 3309 Idem
1404 3249 1490 3309 certe

349 3345 457 3409 'huius
480 3338 712 3408 terminationis
734 3360 831 3407 eausa
846 3335 990 3425 Ἰδηφιν·
1012 3338 1098 3426 Ἴδης
1127 3342 1215 3421 (Ahr.
1239 3342 1272 3405 ΙΙ
1296 3344 1368 3418 522)
1391 3341 1491 3407 Boeo·

363 3442 458 3507 tioum
482 3439 588 3503 habet.
633 3438 805 3504 Praeterea
827 3445 877 3504 est
898 3461 975 3521 -φια
997 3439 1030 3503 in
1055 3438 1203 3524 ἕχεσφιν·
1228 3433 1380 3521 ἅρμασιν,
1406 3437 1490 3521 quod

366 3537 494 3603 Boeotis
516 3534 752 3601 attribuendum
777 3555 848 3600 esse
872 3534 1088 3601 demonstravi
1111 3540 1165 3616 §3
1185 3538 1219 3601 II
1233 3539 1264 3602 b.
1308 3537 1390 3602 Aliis
1413 3555 1491 3601 sane

364 3637 444 3702 haeo
467 3633 648 3700 terminatio
672 3632 803 3697 Aeolica
827 3639 896 3698 erat
921 3633 1010 3707 (Ahr.
1034 3635 1049 3698 Ι
1075 3638 1143 3699 too.
1168 3639 1240 3716 203,
1265 3635 1297 3698 ΙΙ
1321 3638 1405 3707 522).

449 3767 482 3843 b)
513 3767 550 3830 In
573 3765 702 3848 prima
725 3763 824 3829 decl.
848 3764 959 3829 Boeoti
983 3765 1033 3830 his
1055 3765 1331 3831 terminationibus
1347 3765 1395 3830 osi
1418 3772 1491 3830 sunt

364 3869 509 3946 (quarum
526 3884 590 3942 eas,
615 3881 697 3942 quae
714 3861 870 3944 exemplis
892 3863 1021 3944 probari
1044 3869 1216 3945 noqueunt,
1239 3863 1329 3928 unois
1347 3863 1489 3939 inclusit:

364 4017 418 4098 ὃς.
441 4016 480 4080 N.
504 4038 558 4091 ·α,
593 4033 689 4079 maso.
713 4038 777 4090 ·ας.
954 4015 999 4079 Pl.
1025 4018 1109 4092 t-ar),
1133 4038 1179 4098 -η,

442 4114 479 4180 Α.
596 4136 663 4176 -αν,
1059 4118 1126 4187 -ἇς,

441 4210 478 4273 G.
501 4232 567 4284 -ας,
598 4229 695 4274 maso.
718 4231 786 4286 -o0,
811 4210 875 4274 -ἇῬ
1020 4234 1115 4286 -αων,
1139 4208 1221 4273 -oiv‘t

438 4308 476 4370 Ι).
501 4305 570 4389 -ᾳῖ,
594 4331 655 4386 -αι,
680 4331 745 4385 -αε,
769 4332 815 4390 -η,
1019 4310 1124 4386 (αις),
1147 4327 1211 4390 -ης.
1289 4356 1297 4367 .
