3442 5359
373 722 416 783 84
859 722 1012 776 Becrmann

369 895 528 974 Quamvis
557 894 729 961 concedam
753 893 830 960 satis
853 895 1010 977 perplena
1033 901 1064 960 et
1086 894 1218 960 confusa
1240 914 1312 960 esse
1335 914 1391 974 ea,
1422 915 1505 977 quae

369 992 416 1058 de
445 991 587 1058 Aeolidis
620 1011 739 1076 genere
771 1001 802 1057 et
834 992 958 1059 ratione
991 992 1174 1075 tradantur,
1208 999 1239 1058 et
1271 1013 1505 1075 nonnunquam

373 1091 462 1173 ipsos
485 1097 610 1156 veteres
628 1090 740 1155 dubios
763 1091 917 1172 haesisse,
942 1097 1045 1154 utrum
1061 1098 1189 1172 gentem
1205 1090 1348 1172 aliquam
1365 1091 1506 1156 Doribus

372 1208 415 1252 an
432 1187 584 1254 Aeolibus
607 1189 792 1271 tribuerent,
816 1195 923 1253 tamen
940 1188 1016 1254 inde
1038 1188 1119 1253 nihil
1142 1188 1259 1270 colligo
1282 1187 1345 1253 nisi
1367 1188 1505 1271 primum

372 1285 521 1350 maximis
554 1285 802 1369 propinquitatis
836 1285 974 1350 vinculis
1007 1285 1164 1350 contineri
1191 1285 1311 1351 Aeoles
1341 1292 1374 1351 et
1403 1288 1506 1352 Dores

373 1383 423 1458 (cf.
449 1381 614 1464 Merzdorf‚
638 1382 800 1447 Abhandl.
824 1381 854 1445 d.
877 1390 1044 1465 grammat.
1069 1383 1143 1448 Ges.
1167 1403 1198 1466 p.
1222 1386 1273 1447 24.
1297 1385 1351 1459 42)
1376 1382 1505 1465 deinde,

372 1481 458 1563 quod
488 1501 552 1545 non
582 1479 695 1544 mirum
729 1479 861 1561 accidit,
895 1482 1003 1545 varias
1033 1479 1154 1546 Aeolici
1189 1479 1345 1545 sermonis
1380 1482 1506 1564 species

371 1578 525 1662 temporis
558 1577 692 1643 decursu
723 1578 826 1660 magis
860 1577 1026 1660 magisque
1063 1576 1201 1642 dialecto
1238 1596 1309 1643 esse
1348 1577 1505 1663 dilapsas.

373 1677 462 1742 Haec
484 1683 591 1741 autern
615 1675 771 1758 ampliore
794 1682 891 1757 egent
913 1674 1138 1757 disputatione.
1183 1673 1326 1740 Sufficiat
1344 1695 1423 1758 ergo
1446 1677 1506 1742 hoe

372 1774 443 1838 loco
473 1772 709 1839 demonstrasse
731 1772 882 1839 artiorem
904 1771 1192 1853 necessitudinem,
1222 1791 1306 1855 quae
1331 1773 1504 1840 intercedit

369 1871 457 1936 inter
479 1871 618 1935 Boeotos
640 1877 672 1935 et
694 1870 843 1953 Lesbios;
875 1870 954 1935 haee
976 1871 1062 1936 enim
1085 1872 1112 1936 si
1141 1870 1313 1953 evincitur,
1344 1893 1412 1938 non
1441 1873 1503 1938 iam

370 1976 459 2034 stare
483 1974 587 2052 potest
609 1968 770 2033 sententia
792 1967 971 2033 Kirchhoifi
993 1975 1025 2033 et
1047 1968 1219 2034 Hinriohsi.

459 2065 530 2144 Qua
557 2067 590 2129 in
620 2085 654 2130 re
682 2066 948 2148 proficiscendum
979 2074 1027 2130 est
1059 2066 1100 2130 ab
1129 2066 1389 2150 Thucydidis
1417 2070 1502 2134 testi-

371 2165 481 2229 monio
504 2163 579 2241 (VII
602 2167 671 2237 cll:
696 2150 788 2226 οὗτοι
809 2163 843 2227 δὲ
859 2163 989 2245 Αἰολῆς
1012 2169 1065 2239 (so.
1086 2163 1118 2227 ot
1134 2167 1373 2247 Μηθυμναῖοι)
1397 2171 1435 2229 A
1444 2164 1501 2230 ἰο-

374 2262 490 2326 λεῦσι
512 2264 604 2337 τοῖς
629 2265 798 2324 κιίσοιοι
821 2265 1031 2336 Βοιωτοῖς
1058 2259 1142 2341 μετὰ
1164 2266 1399 2343 Συρακουσίων
1428 2257 1498 2327 κατ’

373 2352 513 2442 ἀνάγκην
544 2355 703 2439 ἐμάχοντο
726 2363 795 2438 elo,
825 2363 859 2422 ut
888 2360 984 2424 eliam
1014 2359 1054 2424 ab
1085 2360 1158 2424 aliis
1181 2360 1304 2425 Lesbus
1335 2358 1498 2444 Βοιωτικὴ

373 2450 514 2520 ἀποικία
537 2462 668 2521 vocatur
690 2454 741 2532 (cf.
765 2456 802 2520 B.
827 2453 960 2538 Curtius,
986 2457 1040 2521 Gr.
1065 2457 1197 2522 (iesch.3
1219 2458 1236 2522 Ι
1258 2479 1290 2540 p.
1306 2463 1370 2525 olo
1393 2481 1425 2525 n.
1441 2462 1500 2536 46).

371 2557 402 2618 -Α
425 2554 539 2634 quibus
560 2553 751 2619 testimoniis
774 2572 829 2618 cur
850 2554 948 2620 fidem
971 2554 1189 2620 abiudicemus
1210 2556 1302 2620 nulla
1324 2563 1499 2624 causaest.

373 2653 540 2717 Dialectus
562 2658 648 2718 certe
670 2651 827 2716 Lesbiaco
853 2652 984 2717 minime
1012 2653 1207 2737 obloquitur3
1237 2674 1393 2733 nemea,
1423 2673 1500 2737 quae

371 2756 447 2815 sunt
484 2751 513 2815 ei
546 2749 721 2833 peculiaria
757 2755 789 2815 et
824 2769 844 2812 a
875 2750 1056 2815 Boeotismo
1093 2751 1311 2834 discrepantia
1347 2752 1500 2836 imprimis

374 2849 592 2932 barytonesis‚
630 2847 772 2930 psilosis‚
817 2846 924 2912 dualis
960 2848 1098 2928 iactura,
1135 2857 1209 2931 post
1244 2848 1386 2915 Lesbum
1423 2850 1500 2915 colo-

373 2949 461 3012 niam
490 2946 652 3012 conditam
681 2951 754 3009 sunt
780 2949 867 3008 nata.
911 2944 1038 3012 Deinde
1065 2945 1240 3012 tenendum
1269 2953 1319 3012 est
1342 2949 1499 3014 neminem

372 3045 730 3125 grammaticorum
757 3042 894 3107 Boeotos
916 3042 1071 3108 Aeolibus
1099 3043 1271 3126 abrogare,
1300 3045 1400 3111 immo
1427 3066 1500 3111 non·

373 3142 480 3207 nullos
509 3161 702 3223 quamquam
731 3141 925 3206 recentiores
948 3139 1067 3206 diserte
1090 3142 1227 3208 Boeotos
1249 3144 1370 3209 Aeoles
1395 3146 1501 3228 appel·

375 3239 452 3303 lare.
497 3239 598 3303 Affert
620 3239 748 3319 quidem
771 3238 971 3303 Hinriohsius
994 3237 1027 3315 (l.
1051 3258 1077 3303 c.
1101 3260 1132 3322 p.
1149 3244 1180 3316 4)
1204 3241 1392 3324 Tryphonis
1415 3242 1500 3322 (aral

374 3339 500 3399 nadair
534 3333 651 3411 λέξεων
686 3338 704 3415 ξ
731 3340 780 3413 ll)
813 3334 933 3399 locum:
973 3341 1193 3419 προςτίθειοιι
1222 3336 1259 3403 δὲ
1287 3338 1326 3402 τὸ
1357 3339 1501 3422 δίγοιμμα

374 3429 467 3513 παρά
490 3456 525 3513 ιε
541 3428 630 3495 Ἴωσι
659 3432 711 3496 καὶ
735 3430 903 3496 Αἰολεῖοι
930 3434 984 3496 καὶ
1006 3435 1174 3516 Δωριεῦσι
1203 3433 1259 3499 καὶ
1280 3433 1428 3502 Λάκωσι
1449 3433 1499 3502 καὶ

374 3533 555 3605 Βοιωτοῖς,
585 3537 619 3593 ut
648 3529 816 3611 probabile
838 3527 893 3594 fiat
922 3531 1006 3614 „ipsi
1028 3533 1195 3615 Tryphoni
1224 3553 1290 3598 non
1319 3535 1416 3600 modo
1438 3556 1500 3600 non

372 3647 465 3713 usum
494 3647 603 3692 verum
634 3629 731 3692 etiam
761 3627 924 3692 notionem
953 3629 1091 3694 nominis
1121 3630 1260 3711 Aeolici,
1299 3651 1364 3712 qua
1394 3651 1500 3698 omnes

337 3795 340 3800 ,
375 3725 491 3789 Graeci
532 3731 659 3807 praeter
703 3725 807 3789 Dores
851 3724 945 3791 lones
983 3727 1104 3792 Atticos
1145 3729 1498 3810 comprehenderentur,

371 3824 471 3905 plane
507 3822 649 3904 ignotam
683 3821 812 3903 fuisse“,
854 3823 912 3887 sed
946 3824 1059 3889 eodem
1092 3825 1162 3889 loco
1194 3826 1277 3891 alius
1310 3829 1382 3908 quis
1413 3827 1497 3893 abuti

371 3919 474 4002 possit
501 3918 544 3984 ad
573 3919 858 3986 demonstrandum
889 3921 993 3987 eidem
1022 3929 1054 3987 et
1080 3942 1172 3988 usum
1202 3929 1234 3988 et
1261 3927 1424 3990 notionem
1444 3944 1496 3988 no·

370 4018 467 4082 minis
489 4017 597 4082 Dorici
621 4018 763 4100 ignotam
792 4017 906 4098 fuisse,
936 4037 1007 4083 curn
1030 4019 1174 4086 Lacones
1197 4020 1336 4086 Doribus
1358 4042 1421 4086 non
1443 4041 1493 4085 an·

370 4121 525 4179 numeret.
572 4114 635 4179 (lnr
662 4123 769 4180 autem
797 4116 997 4196 grammatici
1020 4117 1154 4183 Lesbios
1177 4119 1295 4184 Aeoles
1323 4110 1397 4181 κατ’
1426 4114 1460 4193 ἕξ
1477 4151 1491 4160 -

369 4210 428 4373 zq‘hv
454 4211 624 4372 habuIcrint
648 4221 678 4278 et
701 4213 909 4296 opposuerint
931 4213 1166 4295 quodammodo
1190 4215 1337 4293 Boeotis,
1360 4215 1505 4298 explicat.

370 4312 399 4372 Α
424 4328 498 4375 rens
521 4319 529 4384 (
570 4330 600 4392 p.
626 4313 667 4385 3).
