<?xml version="1.0" encoding="UTF-8"?>
<!DOCTYPE html PUBLIC "-//W3C//DTD XHTML 1.0 Transitional//EN"
    "http://www.w3.org/TR/xhtml1/DTD/xhtml1-transitional.dtd">
<html xmlns="http://www.w3.org/1999/xhtml" xml:lang="en" lang="en">
 <head>
  <title>
</title>
<meta http-equiv="Content-Type" content="text/html;charset=utf-8" />
  <meta name='ocr-system' content='tesseract 3.04.00' />
  <meta name='ocr-capabilities' content='ocr_page ocr_carea ocr_par ocr_line ocrx_word'/>
</head>
<body>
  <div class='ocr_page' id='page_1' title='image "./studienzurgriec01curtgoog_0145.png"; bbox 0 0 3442 5359; ppageno 0'>
   <div class='ocr_carea' id='block_1_1' title="bbox 623 679 1363 753">
    <p class='ocr_par' dir='ltr' id='par_1_1' title="bbox 623 679 1363 753">
     <span class='ocr_line' id='line_1_1' title="bbox 623 679 1363 753; baseline 0.014 -19"><span class='ocrx_word' id='word_1_1' title='bbox 623 679 656 734; x_wconf 86' lang='lat' dir='ltr'>de</span> <span class='ocrx_word' id='word_1_2' title='bbox 672 682 873 751; x_wconf 80' lang='lat' dir='ltr'>praepositione</span> <span class='ocrx_word' id='word_1_3' title='bbox 889 682 967 753; x_wconf 76' lang='grc' dir='ltr'><strong><em>μετά.</em></strong></span> <span class='ocrx_word' id='word_1_4' title='bbox 1303 682 1363 744; x_wconf 82' lang='lat'>135</span> 
     </span>
    </p>
   </div>
   <div class='ocr_carea' id='block_1_2' title="bbox 233 852 1417 4351">
    <p class='ocr_par' dir='ltr' id='par_1_2' title="bbox 233 852 1417 4351">
     <span class='ocr_line' id='line_1_2' title="bbox 322 852 1364 936; baseline 0.005 -19"><span class='ocrx_word' id='word_1_5' title='bbox 322 853 490 920; x_wconf 86' lang='lat' dir='ltr'>Postremo</span> <span class='ocrx_word' id='word_1_6' title='bbox 533 854 591 918; x_wconf 90' lang='lat' dir='ltr'>hoo</span> <span class='ocrx_word' id='word_1_7' title='bbox 624 853 692 919; x_wconf 86' lang='lat' dir='ltr'>loeo</span> <span class='ocrx_word' id='word_1_8' title='bbox 726 852 886 936; x_wconf 85' lang='lat' dir='ltr'>agendum</span> <span class='ocrx_word' id='word_1_9' title='bbox 920 872 991 920; x_wconf 86' lang='lat' dir='ltr'>osse</span> <span class='ocrx_word' id='word_1_10' title='bbox 1024 852 1150 918; x_wconf 86' lang='lat' dir='ltr'>videtur</span> <span class='ocrx_word' id='word_1_11' title='bbox 1184 853 1224 918; x_wconf 91' lang='lat' dir='ltr'>de</span> <span class='ocrx_word' id='word_1_12' title='bbox 1258 855 1364 922; x_wconf 87' lang='lat' dir='ltr'>verbis</span> 
     </span>
     <span class='ocr_line' id='line_1_3' title="bbox 236 948 1362 1036; baseline 0.003 -23"><span class='ocrx_word' id='word_1_13' title='bbox 236 948 561 1032; x_wconf 80' lang='grc' dir='ltr'><strong><em>μετατιαήομαι,</em></strong></span> <span class='ocrx_word' id='word_1_14' title='bbox 607 949 838 1036; x_wconf 77' lang='grc' dir='ltr'><strong><em>μεταλήγω,</em></strong></span> <span class='ocrx_word' id='word_1_15' title='bbox 891 955 1085 1034; x_wconf 73' lang='grc' dir='ltr'><strong><em>μεθίημι,</em></strong></span> <span class='ocrx_word' id='word_1_16' title='bbox 1136 950 1362 1032; x_wconf 71' lang='grc' dir='ltr'><strong><em>μεθαιρὲιο.</em></strong></span> 
     </span>
     <span class='ocr_line' id='line_1_4' title="bbox 237 1046 1363 1132; baseline 0.003 -19"><span class='ocrx_word' id='word_1_17' title='bbox 237 1046 381 1126; x_wconf 78' lang='lat' dir='ltr'>Quorum</span> <span class='ocrx_word' id='word_1_18' title='bbox 410 1049 548 1131; x_wconf 87' lang='lat' dir='ltr'>primum</span> <span class='ocrx_word' id='word_1_19' title='bbox 577 1068 640 1113; x_wconf 91' lang='lat' dir='ltr'>uno</span> <span class='ocrx_word' id='word_1_20' title='bbox 668 1055 790 1114; x_wconf 88' lang='lat' dir='ltr'>tantum</span> <span class='ocrx_word' id='word_1_21' title='bbox 819 1050 889 1114; x_wconf 85' lang='lat' dir='ltr'>loeo</span> <span class='ocrx_word' id='word_1_22' title='bbox 920 1049 1087 1114; x_wconf 78' lang='lat' dir='ltr'>Homerico</span> <span class='ocrx_word' id='word_1_23' title='bbox 1113 1048 1214 1116; x_wconf 83' lang='lat' dir='ltr'>habes</span> <span class='ocrx_word' id='word_1_24' title='bbox 1242 1053 1272 1112; x_wconf 92' lang='lat' dir='ltr'><em>P</em></span> <span class='ocrx_word' id='word_1_25' title='bbox 1291 1055 1363 1132; x_wconf 85' lang='lat'><strong>373,</strong></span> 
     </span>
     <span class='ocr_line' id='line_1_5' title="bbox 237 1139 1364 1231; baseline 0.004 -21"><span class='ocrx_word' id='word_1_26' title='bbox 237 1146 458 1212; x_wconf 82' lang='lat' dir='ltr'>ubiabsolute</span> <span class='ocrx_word' id='word_1_27' title='bbox 476 1145 674 1212; x_wconf 79' lang='lat' dir='ltr'>dictumest:</span> <span class='ocrx_word' id='word_1_28' title='bbox 697 1143 966 1227; x_wconf 77' lang='grc' dir='ltr'><strong><em>μεταπαυόμενοι</em></strong></span> <span class='ocrx_word' id='word_1_29' title='bbox 989 1139 1020 1209; x_wconf 83' lang='lat' dir='ltr'>d&#39;</span> <span class='ocrx_word' id='word_1_30' title='bbox 1047 1143 1215 1225; x_wconf 74' lang='grc' dir='ltr'><strong><em>ἐμάχοντο.</em></strong></span> <span class='ocrx_word' id='word_1_31' title='bbox 1253 1150 1364 1231; x_wconf 79' lang='lat' dir='ltr'>Aeque</span> 
     </span>
     <span class='ocr_line' id='line_1_6' title="bbox 235 1242 1364 1329; baseline 0.003 -21"><span class='ocrx_word' id='word_1_32' title='bbox 235 1264 274 1308; x_wconf 91' lang='lat' dir='ltr'>ae</span> <span class='ocrx_word' id='word_1_33' title='bbox 289 1243 430 1329; x_wconf 84' lang='lat' dir='ltr'>simplex</span> <span class='ocrx_word' id='word_1_34' title='bbox 446 1243 578 1309; x_wconf 85' lang='lat' dir='ltr'>verbum</span> <span class='ocrx_word' id='word_1_35' title='bbox 601 1242 790 1325; x_wconf 78' lang='grc' dir='ltr'><strong><em>παύομαι</em></strong></span> <span class='ocrx_word' id='word_1_36' title='bbox 814 1264 885 1309; x_wconf 90' lang='lat' dir='ltr'>oum</span> <span class='ocrx_word' id='word_1_37' title='bbox 906 1243 1057 1327; x_wconf 85' lang='lat' dir='ltr'>genetivo</span> <span class='ocrx_word' id='word_1_38' title='bbox 1076 1253 1260 1326; x_wconf 86' lang='lat' dir='ltr'>usurpatum</span> <span class='ocrx_word' id='word_1_39' title='bbox 1276 1245 1364 1329; x_wconf 87' lang='lat' dir='ltr'>apud</span> 
     </span>
     <span class='ocr_line' id='line_1_7' title="bbox 236 1339 1363 1424; baseline 0.004 -18"><span class='ocrx_word' id='word_1_40' title='bbox 236 1339 424 1424; x_wconf 84' lang='lat' dir='ltr'>Oppianum</span> <span class='ocrx_word' id='word_1_41' title='bbox 465 1342 610 1424; x_wconf 82' lang='lat' dir='ltr'>legimus.</span> <span class='ocrx_word' id='word_1_42' title='bbox 666 1343 836 1409; x_wconf 87' lang='lat' dir='ltr'>Praeterea</span> <span class='ocrx_word' id='word_1_43' title='bbox 875 1348 980 1407; x_wconf 85' lang='lat' dir='ltr'>exstat</span> <span class='ocrx_word' id='word_1_44' title='bbox 1018 1340 1253 1406; x_wconf 87' lang='lat' dir='ltr'>substantivum</span> <span class='ocrx_word' id='word_1_45' title='bbox 1286 1342 1363 1411; x_wconf 89' lang='lat' dir='ltr'>inde</span> 
     </span>
     <span class='ocr_line' id='line_1_8' title="bbox 237 1437 1363 1522; baseline 0.003 -19"><span class='ocrx_word' id='word_1_46' title='bbox 237 1439 419 1511; x_wconf 73' lang='lat' dir='ltr'>derivatum</span> <span class='ocrx_word' id='word_1_47' title='bbox 449 1437 694 1522; x_wconf 63' lang='lat' dir='ltr'>pessundederit}</span> <span class='ocrx_word' id='word_1_48' title='bbox 727 1446 758 1502; x_wconf 90' lang='grc' dir='ltr'><strong><em>Τ</em></strong></span> <span class='ocrx_word' id='word_1_49' title='bbox 777 1442 834 1504; x_wconf 81' lang='lat'>201</span> <span class='ocrx_word' id='word_1_50' title='bbox 860 1463 894 1520; x_wconf 91' lang='grc' dir='ltr'>μ.</span> <span class='ocrx_word' id='word_1_51' title='bbox 924 1437 1098 1519; x_wconf 79' lang='grc' dir='ltr'><strong><em>πολέμοιο,</em></strong></span> <span class='ocrx_word' id='word_1_52' title='bbox 1128 1459 1261 1521; x_wconf 81' lang='lat' dir='ltr'>quocum</span> <span class='ocrx_word' id='word_1_53' title='bbox 1291 1461 1363 1506; x_wconf 83' lang='lat' dir='ltr'>con·</span> 
     </span>
     <span class='ocr_line' id='line_1_9' title="bbox 235 1529 1363 1621; baseline 0.004 -20"><span class='ocrx_word' id='word_1_54' title='bbox 235 1536 320 1602; x_wconf 82' lang='lat' dir='ltr'>feras</span> <span class='ocrx_word' id='word_1_55' title='bbox 344 1539 375 1599; x_wconf 91' lang='lat' dir='ltr'><em>B</em></span> <span class='ocrx_word' id='word_1_56' title='bbox 392 1539 453 1602; x_wconf 79' lang='lat'>386</span> <span class='ocrx_word' id='word_1_57' title='bbox 477 1529 513 1599; x_wconf 80' lang='grc' dir='ltr'>οὐ</span> <span class='ocrx_word' id='word_1_58' title='bbox 536 1535 598 1618; x_wconf 78' lang='grc' dir='ltr'>γὰρ</span> <span class='ocrx_word' id='word_1_59' title='bbox 622 1536 782 1620; x_wconf 78' lang='grc' dir='ltr'><strong><em>παυσωλή</em></strong></span> <span class='ocrx_word' id='word_1_60' title='bbox 805 1561 841 1618; x_wconf 78' lang='grc' dir='ltr'><strong><em>γε</em></strong></span> <span class='ocrx_word' id='word_1_61' title='bbox 863 1534 1067 1616; x_wconf 77' lang='grc' dir='ltr'><strong><em>μετέσσεται.</em></strong></span> <span class='ocrx_word' id='word_1_62' title='bbox 1113 1538 1363 1621; x_wconf 79' lang='lat' dir='ltr'>Praepositionis</span> 
     </span>
     <span class='ocr_line' id='line_1_10' title="bbox 234 1633 1362 1717; baseline 0.002 -17"><span class='ocrx_word' id='word_1_63' title='bbox 234 1641 344 1701; x_wconf 88' lang='lat' dir='ltr'>autem</span> <span class='ocrx_word' id='word_1_64' title='bbox 368 1635 402 1698; x_wconf 94' lang='lat' dir='ltr'>in</span> <span class='ocrx_word' id='word_1_65' title='bbox 424 1634 474 1698; x_wconf 87' lang='lat' dir='ltr'>his</span> <span class='ocrx_word' id='word_1_66' title='bbox 489 1633 654 1700; x_wconf 78' lang='lat' dir='ltr'>vocabulis</span> <span class='ocrx_word' id='word_1_67' title='bbox 670 1636 719 1701; x_wconf 86' lang='lat' dir='ltr'>vis</span> <span class='ocrx_word' id='word_1_68' title='bbox 742 1634 854 1700; x_wconf 87' lang='lat' dir='ltr'>eadem</span> <span class='ocrx_word' id='word_1_69' title='bbox 871 1640 920 1700; x_wconf 86' lang='lat' dir='ltr'>est</span> <span class='ocrx_word' id='word_1_70' title='bbox 934 1642 1030 1717; x_wconf 87' lang='lat' dir='ltr'>atquo</span> <span class='ocrx_word' id='word_1_71' title='bbox 1044 1636 1144 1700; x_wconf 82' lang='lat' dir='ltr'>nostri</span> <span class='ocrx_word' id='word_1_72' title='bbox 1169 1634 1362 1710; x_wconf 77' lang='lat' dir='ltr'>„zwisohen</span> 
     </span>
     <span class='ocr_line' id='line_1_11' title="bbox 236 1730 1363 1816; baseline 0.002 -20"><span class='ocrx_word' id='word_1_73' title='bbox 236 1732 355 1812; x_wconf 80' lang='lat' dir='ltr'>durch,</span> <span class='ocrx_word' id='word_1_74' title='bbox 385 1730 618 1815; x_wconf 83' lang='lat' dir='ltr'>dazwisohen“,</span> <span class='ocrx_word' id='word_1_75' title='bbox 648 1753 742 1816; x_wconf 84' lang='lat' dir='ltr'>quam</span> <span class='ocrx_word' id='word_1_76' title='bbox 768 1733 832 1797; x_wconf 89' lang='lat' dir='ltr'>vim</span> <span class='ocrx_word' id='word_1_77' title='bbox 858 1735 1031 1798; x_wconf 85' lang='lat' dir='ltr'>anotione</span> <span class='ocrx_word' id='word_1_78' title='bbox 1058 1732 1248 1809; x_wconf 81' lang='lat' dir='ltr'>„inmitten“</span> <span class='ocrx_word' id='word_1_79' title='bbox 1277 1733 1363 1798; x_wconf 89' lang='lat' dir='ltr'>haud</span> 
     </span>
     <span class='ocr_line' id='line_1_12' title="bbox 234 1827 1364 1914; baseline -0.001 -19"><span class='ocrx_word' id='word_1_80' title='bbox 234 1830 348 1914; x_wconf 88' lang='lat' dir='ltr'>proeul</span> <span class='ocrx_word' id='word_1_81' title='bbox 379 1829 494 1894; x_wconf 85' lang='lat' dir='ltr'>abesse</span> <span class='ocrx_word' id='word_1_82' title='bbox 516 1838 665 1912; x_wconf 83' lang='lat' dir='ltr'>apparet,</span> <span class='ocrx_word' id='word_1_83' title='bbox 694 1831 803 1913; x_wconf 88' lang='lat' dir='ltr'>itaque</span> <span class='ocrx_word' id='word_1_84' title='bbox 827 1829 985 1913; x_wconf 79' lang='lat' dir='ltr'>signifieat</span> <span class='ocrx_word' id='word_1_85' title='bbox 1012 1827 1247 1910; x_wconf 75' lang='grc' dir='ltr'><strong><em>μιτατταὺομαι</em></strong></span> <span class='ocrx_word' id='word_1_86' title='bbox 1269 1831 1364 1907; x_wconf 83' lang='lat' dir='ltr'>„zwi-</span> 
     </span>
     <span class='ocr_line' id='line_1_13' title="bbox 234 1927 1361 2010; baseline 0 -18"><span class='ocrx_word' id='word_1_87' title='bbox 234 1927 336 1993; x_wconf 85' lang='lat' dir='ltr'>sehen</span> <span class='ocrx_word' id='word_1_88' title='bbox 353 1927 463 2007; x_wconf 80' lang='lat' dir='ltr'><strong>durch,</strong></span> <span class='ocrx_word' id='word_1_89' title='bbox 481 1933 575 1992; x_wconf 78' lang='lat' dir='ltr'>untur</span> <span class='ocrx_word' id='word_1_90' title='bbox 590 1927 647 1993; x_wconf 89' lang='lat' dir='ltr'>der</span> <span class='ocrx_word' id='word_1_91' title='bbox 662 1928 774 1994; x_wconf 85' lang='lat' dir='ltr'>Arbeit</span> <span class='ocrx_word' id='word_1_92' title='bbox 790 1927 979 2008; x_wconf 77' lang='lat' dir='ltr'>aufh61·en“;</span> <span class='ocrx_word' id='word_1_93' title='bbox 1002 1929 1029 1993; x_wconf 89' lang='lat' dir='ltr'>si</span> <span class='ocrx_word' id='word_1_94' title='bbox 1044 1928 1115 2010; x_wconf 89' lang='lat' dir='ltr'>quis</span> <span class='ocrx_word' id='word_1_95' title='bbox 1130 1934 1235 1993; x_wconf 86' lang='lat' dir='ltr'>autem</span> <span class='ocrx_word' id='word_1_96' title='bbox 1253 1947 1361 1994; x_wconf 88' lang='lat' dir='ltr'>easum</span> 
     </span>
     <span class='ocr_line' id='line_1_14' title="bbox 234 2022 1362 2109; baseline 0.002 -19"><span class='ocrx_word' id='word_1_97' title='bbox 234 2025 277 2090; x_wconf 88' lang='lat' dir='ltr'>ad</span> <span class='ocrx_word' id='word_1_98' title='bbox 300 2022 539 2105; x_wconf 81' lang='grc' dir='ltr'><strong><em>μεταιταύομαι</em></strong></span> <span class='ocrx_word' id='word_1_99' title='bbox 563 2025 695 2108; x_wconf 90' lang='lat' dir='ltr'>eiusque</span> <span class='ocrx_word' id='word_1_100' title='bbox 717 2043 800 2107; x_wconf 83' lang='lat' dir='ltr'>quaa</span> <span class='ocrx_word' id='word_1_101' title='bbox 826 2032 900 2090; x_wconf 85' lang='lat' dir='ltr'>sunt</span> <span class='ocrx_word' id='word_1_102' title='bbox 921 2025 1038 2090; x_wconf 80' lang='lat' dir='ltr'>similia</span> <span class='ocrx_word' id='word_1_103' title='bbox 1061 2027 1160 2091; x_wconf 86' lang='lat' dir='ltr'>verba</span> <span class='ocrx_word' id='word_1_104' title='bbox 1186 2025 1362 2109; x_wconf 81' lang='lat' dir='ltr'>adiungere</span> 
     </span>
     <span class='ocr_line' id='line_1_15' title="bbox 234 2121 1362 2201; baseline 0 -14"><span class='ocrx_word' id='word_1_105' title='bbox 234 2123 391 2196; x_wconf 87' lang='lat' dir='ltr'>voluerit,</span> <span class='ocrx_word' id='word_1_106' title='bbox 426 2121 455 2187; x_wconf 87' lang='lat' dir='ltr'>oi</span> <span class='ocrx_word' id='word_1_107' title='bbox 488 2142 552 2186; x_wconf 91' lang='lat' dir='ltr'>non</span> <span class='ocrx_word' id='word_1_108' title='bbox 581 2122 721 2197; x_wconf 80' lang='lat' dir='ltr'>dativus,</span> <span class='ocrx_word' id='word_1_109' title='bbox 757 2122 814 2187; x_wconf 83' lang='lat' dir='ltr'>sed</span> <span class='ocrx_word' id='word_1_110' title='bbox 843 2124 1043 2188; x_wconf 79' lang='lat' dir='ltr'>aecusativus</span> <span class='ocrx_word' id='word_1_111' title='bbox 1072 2122 1274 2188; x_wconf 86' lang='lat' dir='ltr'>adhibendus</span> <span class='ocrx_word' id='word_1_112' title='bbox 1303 2131 1362 2201; x_wconf 87' lang='lat' dir='ltr'>ost,</span> 
     </span>
     <span class='ocr_line' id='line_1_16' title="bbox 233 2219 1361 2304; baseline -0.003 -17"><span class='ocrx_word' id='word_1_113' title='bbox 233 2240 307 2287; x_wconf 89' lang='lat' dir='ltr'>oum</span> <span class='ocrx_word' id='word_1_114' title='bbox 336 2219 489 2302; x_wconf 80' lang='lat' dir='ltr'>analogia</span> <span class='ocrx_word' id='word_1_115' title='bbox 517 2220 558 2285; x_wconf 88' lang='lat' dir='ltr'>sit</span> <span class='ocrx_word' id='word_1_116' title='bbox 585 2219 788 2304; x_wconf 80' lang='lat' dir='ltr'>respicienda</span> <span class='ocrx_word' id='word_1_117' title='bbox 810 2239 935 2301; x_wconf 79' lang='lat' dir='ltr'>earum,</span> <span class='ocrx_word' id='word_1_118' title='bbox 965 2219 1006 2285; x_wconf 87' lang='lat' dir='ltr'>de</span> <span class='ocrx_word' id='word_1_119' title='bbox 1028 2221 1143 2302; x_wconf 89' lang='lat' dir='ltr'>quibus</span> <span class='ocrx_word' id='word_1_120' title='bbox 1164 2240 1262 2303; x_wconf 88' lang='lat' dir='ltr'>supra</span> <span class='ocrx_word' id='word_1_121' title='bbox 1284 2219 1361 2299; x_wconf 81' lang='lat' dir='ltr'>dixi,</span> 
     </span>
     <span class='ocr_line' id='line_1_17' title="bbox 234 2309 1380 2401; baseline -0.002 -18"><span class='ocrx_word' id='word_1_122' title='bbox 234 2317 433 2383; x_wconf 80' lang='lat' dir='ltr'>locutionum</span> <span class='ocrx_word' id='word_1_123' title='bbox 455 2316 539 2396; x_wconf 84' lang='grc' dir='ltr'><strong><em>μετὰ</em></strong></span> <span class='ocrx_word' id='word_1_124' title='bbox 562 2316 687 2393; x_wconf 81' lang='grc' dir='ltr'><strong><em>δαῖτας,</em></strong></span> <span class='ocrx_word' id='word_1_125' title='bbox 711 2311 792 2397; x_wconf 76' lang='grc' dir='ltr'><strong><em>μεθ’</em></strong></span> <span class='ocrx_word' id='word_1_126' title='bbox 818 2311 951 2401; x_wconf 80' lang='grc' dir='ltr'><strong><em>ἡμέραν,</em></strong></span> <span class='ocrx_word' id='word_1_127' title='bbox 974 2317 1135 2382; x_wconf 87' lang='lat' dir='ltr'>similium.</span> <span class='ocrx_word' id='word_1_128' title='bbox 1179 2309 1380 2383; x_wconf 78' lang='lat' dir='ltr'>Secundum</span> 
     </span>
     <span class='ocr_line' id='line_1_18' title="bbox 234 2411 1361 2498; baseline -0.002 -18"><span class='ocrx_word' id='word_1_129' title='bbox 234 2417 365 2480; x_wconf 87' lang='lat' dir='ltr'>illorum</span> <span class='ocrx_word' id='word_1_130' title='bbox 395 2415 563 2481; x_wconf 83' lang='lat' dir='ltr'>verborum</span> <span class='ocrx_word' id='word_1_131' title='bbox 591 2411 804 2498; x_wconf 61' lang='grc' dir='ltr'><strong><em>μεταλήγω</em></strong></span> <span class='ocrx_word' id='word_1_132' title='bbox 838 2416 967 2498; x_wconf 86' lang='lat' dir='ltr'>proprie</span> <span class='ocrx_word' id='word_1_133' title='bbox 996 2414 1153 2497; x_wconf 83' lang='lat' dir='ltr'>significat</span> <span class='ocrx_word' id='word_1_134' title='bbox 1181 2413 1361 2491; x_wconf 79' lang='lat' dir='ltr'>„interdum</span> 
     </span>
     <span class='ocr_line' id='line_1_19' title="bbox 236 2509 1362 2595; baseline -0.004 -16"><span class='ocrx_word' id='word_1_135' title='bbox 236 2513 403 2594; x_wconf 81' lang='lat' dir='ltr'>desinere,</span> <span class='ocrx_word' id='word_1_136' title='bbox 432 2513 699 2595; x_wconf 85' lang='lat' dir='ltr'>interrumpere“;</span> <span class='ocrx_word' id='word_1_137' title='bbox 728 2512 846 2594; x_wconf 81' lang='lat' dir='ltr'>legitur</span> <span class='ocrx_word' id='word_1_138' title='bbox 873 2520 979 2578; x_wconf 86' lang='lat' dir='ltr'>autem</span> <span class='ocrx_word' id='word_1_139' title='bbox 1004 2517 1022 2574; x_wconf 87' lang='lat' dir='ltr'><em>I</em></span> <span class='ocrx_word' id='word_1_140' title='bbox 1046 2517 1102 2577; x_wconf 82' lang='lat'>157</span> <span class='ocrx_word' id='word_1_141' title='bbox 1134 2509 1236 2575; x_wconf 80' lang='grc' dir='ltr'><strong><em>ταῦτά</em></strong></span> <span class='ocrx_word' id='word_1_142' title='bbox 1266 2516 1300 2577; x_wconf 84' lang='grc' dir='ltr'>κέ</span> <span class='ocrx_word' id='word_1_143' title='bbox 1329 2510 1362 2576; x_wconf 82' lang='lat' dir='ltr'>oi</span> 
     </span>
     <span class='ocr_line' id='line_1_20' title="bbox 235 2607 1362 2696; baseline 0.002 -22"><span class='ocrx_word' id='word_1_144' title='bbox 235 2610 408 2692; x_wconf 80' lang='grc' dir='ltr'><strong><em>τελέσαιμι</em></strong></span> <span class='ocrx_word' id='word_1_145' title='bbox 431 2607 649 2696; x_wconf 78' lang='grc' dir='ltr'><strong><em>μεταλήξαντι</em></strong></span> <span class='ocrx_word' id='word_1_146' title='bbox 669 2609 801 2691; x_wconf 79' lang='grc' dir='ltr'><strong><em>χόλοιο,</em></strong></span> <span class='ocrx_word' id='word_1_147' title='bbox 825 2613 931 2691; x_wconf 81' lang='grc'><strong><em>1261,</em></strong></span> <span class='ocrx_word' id='word_1_148' title='bbox 949 2614 1020 2676; x_wconf 77' lang='grc'><strong>299.</strong></span> <span class='ocrx_word' id='word_1_149' title='bbox 1057 2611 1125 2676; x_wconf 85' lang='lat' dir='ltr'>Iam</span> <span class='ocrx_word' id='word_1_150' title='bbox 1148 2630 1188 2675; x_wconf 85' lang='lat' dir='ltr'>ex</span> <span class='ocrx_word' id='word_1_151' title='bbox 1210 2610 1362 2693; x_wconf 82' lang='lat' dir='ltr'>analogia</span> 
     </span>
     <span class='ocr_line' id='line_1_21' title="bbox 235 2707 1362 2790; baseline -0.001 -17"><span class='ocrx_word' id='word_1_152' title='bbox 235 2709 351 2774; x_wconf 91' lang='lat' dir='ltr'>horum</span> <span class='ocrx_word' id='word_1_153' title='bbox 377 2708 546 2784; x_wconf 88' lang='lat' dir='ltr'>verborum</span> <span class='ocrx_word' id='word_1_154' title='bbox 575 2708 672 2774; x_wconf 88' lang='lat' dir='ltr'>stiam</span> <span class='ocrx_word' id='word_1_155' title='bbox 702 2707 992 2790; x_wconf 81' lang='lat' dir='ltr'>frequentissimum</span> <span class='ocrx_word' id='word_1_156' title='bbox 1021 2709 1110 2772; x_wconf 89' lang='lat' dir='ltr'>illum</span> <span class='ocrx_word' id='word_1_157' title='bbox 1140 2707 1229 2772; x_wconf 88' lang='lat' dir='ltr'>verbi</span> <span class='ocrx_word' id='word_1_158' title='bbox 1256 2713 1362 2788; x_wconf 74' lang='grc' dir='ltr'><strong><em>μεθ-</em></strong></span> 
     </span>
     <span class='ocr_line' id='line_1_22' title="bbox 236 2805 1361 2889; baseline -0.002 -19"><span class='ocrx_word' id='word_1_159' title='bbox 236 2810 329 2889; x_wconf 73' lang='grc' dir='ltr'><strong><em>ίημι</em></strong></span> <span class='ocrx_word' id='word_1_160' title='bbox 359 2826 450 2871; x_wconf 90' lang='lat' dir='ltr'>usum</span> <span class='ocrx_word' id='word_1_161' title='bbox 482 2807 726 2888; x_wconf 64' lang='lat' dir='ltr'>explicaverim</span> <span class='ocrx_word' id='word_1_162' title='bbox 756 2813 833 2888; x_wconf 88' lang='lat' dir='ltr'>puto</span> <span class='ocrx_word' id='word_1_163' title='bbox 862 2805 961 2887; x_wconf 87' lang='lat' dir='ltr'>enim,</span> <span class='ocrx_word' id='word_1_164' title='bbox 993 2805 1073 2871; x_wconf 87' lang='lat' dir='ltr'>sieut</span> <span class='ocrx_word' id='word_1_165' title='bbox 1096 2806 1244 2869; x_wconf 89' lang='lat' dir='ltr'>Latinum</span> <span class='ocrx_word' id='word_1_166' title='bbox 1273 2807 1361 2868; x_wconf 82' lang='lat' dir='ltr'>mitto</span> 
     </span>
     <span class='ocr_line' id='line_1_23' title="bbox 235 2901 1361 2985; baseline -0.003 -17"><span class='ocrx_word' id='word_1_167' title='bbox 235 2904 288 2982; x_wconf 84' lang='lat' dir='ltr'>(of.</span> <span class='ocrx_word' id='word_1_168' title='bbox 319 2903 379 2967; x_wconf 88' lang='grc' dir='ltr'><strong><em>Ιιοο</em></strong></span> <span class='ocrx_word' id='word_1_169' title='bbox 407 2904 531 2966; x_wconf 72' lang='lat' dir='ltr'>missum</span> <span class='ocrx_word' id='word_1_170' title='bbox 556 2902 732 2985; x_wconf 80' lang='lat' dir='ltr'>suciamus)</span> <span class='ocrx_word' id='word_1_171' title='bbox 767 2904 832 2967; x_wconf 87' lang='lat' dir='ltr'>vim</span> <span class='ocrx_word' id='word_1_172' title='bbox 862 2903 1030 2969; x_wconf 77' lang='lat' dir='ltr'>desinendi</span> <span class='ocrx_word' id='word_1_173' title='bbox 1059 2901 1182 2984; x_wconf 81' lang='lat' dir='ltr'>aceepit</span> <span class='ocrx_word' id='word_1_174' title='bbox 1214 2904 1259 2966; x_wconf 88' lang='lat' dir='ltr'>ita</span> <span class='ocrx_word' id='word_1_175' title='bbox 1288 2901 1361 2985; x_wconf 76' lang='grc' dir='ltr'><strong><em>ἵήμι</em></strong></span> 
     </span>
     <span class='ocr_line' id='line_1_24' title="bbox 233 2999 1360 3085; baseline -0.003 -18"><span class='ocrx_word' id='word_1_176' title='bbox 233 3002 371 3067; x_wconf 88' lang='lat' dir='ltr'>verbum</span> <span class='ocrx_word' id='word_1_177' title='bbox 394 3001 507 3066; x_wconf 87' lang='lat' dir='ltr'>addita</span> <span class='ocrx_word' id='word_1_178' title='bbox 528 2999 611 3081; x_wconf 85' lang='grc' dir='ltr'><strong><em>μετά</em></strong></span> <span class='ocrx_word' id='word_1_179' title='bbox 638 3000 877 3085; x_wconf 86' lang='lat' dir='ltr'>praepositione</span> <span class='ocrx_word' id='word_1_180' title='bbox 899 3021 938 3066; x_wconf 86' lang='lat' dir='ltr'>ea</span> <span class='ocrx_word' id='word_1_181' title='bbox 960 3002 1090 3066; x_wconf 86' lang='lat' dir='ltr'>notione</span> <span class='ocrx_word' id='word_1_182' title='bbox 1112 3019 1183 3064; x_wconf 86' lang='lat' dir='ltr'>esse</span> <span class='ocrx_word' id='word_1_183' title='bbox 1204 2999 1360 3082; x_wconf 86' lang='lat' dir='ltr'>indutum,</span> 
     </span>
     <span class='ocr_line' id='line_1_25' title="bbox 234 3097 1361 3182; baseline -0.002 -17"><span class='ocrx_word' id='word_1_184' title='bbox 234 3106 270 3165; x_wconf 91' lang='lat' dir='ltr'>ut</span> <span class='ocrx_word' id='word_1_185' title='bbox 285 3118 358 3165; x_wconf 87' lang='lat' dir='ltr'>oum</span> <span class='ocrx_word' id='word_1_186' title='bbox 381 3102 525 3182; x_wconf 69' lang='grc' dir='ltr'><strong><em>μεθίημι</em></strong></span> <span class='ocrx_word' id='word_1_187' title='bbox 547 3098 675 3181; x_wconf 86' lang='lat' dir='ltr'>proprie</span> <span class='ocrx_word' id='word_1_188' title='bbox 697 3098 739 3163; x_wconf 89' lang='lat' dir='ltr'>sit</span> <span class='ocrx_word' id='word_1_189' title='bbox 762 3097 865 3173; x_wconf 82' lang='lat' dir='ltr'>„inter</span> <span class='ocrx_word' id='word_1_190' title='bbox 882 3099 1021 3162; x_wconf 89' lang='lat' dir='ltr'>laborem</span> <span class='ocrx_word' id='word_1_191' title='bbox 1039 3097 1194 3176; x_wconf 84' lang='lat' dir='ltr'>desinere,</span> <span class='ocrx_word' id='word_1_192' title='bbox 1217 3098 1361 3165; x_wconf 84' lang='lat' dir='ltr'>laborem</span> 
     </span>
     <span class='ocr_line' id='line_1_26' title="bbox 233 3195 1363 3276; baseline 0 -16"><span class='ocrx_word' id='word_1_193' title='bbox 233 3196 478 3275; x_wconf 85' lang='lat' dir='ltr'>intermittero“‚</span> <span class='ocrx_word' id='word_1_194' title='bbox 501 3195 576 3260; x_wconf 90' lang='lat' dir='ltr'>hino</span> <span class='ocrx_word' id='word_1_195' title='bbox 591 3196 720 3259; x_wconf 92' lang='lat' dir='ltr'>omnino</span> <span class='ocrx_word' id='word_1_196' title='bbox 736 3195 824 3260; x_wconf 88' lang='lat' dir='ltr'>notio</span> <span class='ocrx_word' id='word_1_197' title='bbox 841 3195 1064 3275; x_wconf 72' lang='lat' dir='ltr'>„naehiassem</span> <span class='ocrx_word' id='word_1_198' title='bbox 1079 3195 1241 3276; x_wconf 67' lang='lat' dir='ltr'>amassem,</span> <span class='ocrx_word' id='word_1_199' title='bbox 1256 3203 1363 3262; x_wconf 89' lang='lat' dir='ltr'>unter-</span> 
     </span>
     <span class='ocr_line' id='line_1_27' title="bbox 234 3291 1361 3375; baseline 0.004 -19"><span class='ocrx_word' id='word_1_200' title='bbox 234 3295 356 3373; x_wconf 85' lang='lat' dir='ltr'>lassen,</span> <span class='ocrx_word' id='word_1_201' title='bbox 378 3293 557 3359; x_wconf 86' lang='lat' dir='ltr'>loslassen“</span> <span class='ocrx_word' id='word_1_202' title='bbox 581 3292 716 3358; x_wconf 85' lang='lat' dir='ltr'>fluxerit.</span> <span class='ocrx_word' id='word_1_203' title='bbox 755 3291 965 3375; x_wconf 78' lang='lat' dir='ltr'>Coniungitur</span> <span class='ocrx_word' id='word_1_204' title='bbox 987 3314 1056 3358; x_wconf 87' lang='lat' dir='ltr'>eum</span> <span class='ocrx_word' id='word_1_205' title='bbox 1079 3295 1261 3359; x_wconf 78' lang='lat' dir='ltr'>accusativo</span> <span class='ocrx_word' id='word_1_206' title='bbox 1284 3314 1311 3360; x_wconf 90' lang='lat' dir='ltr'>e.</span> <span class='ocrx_word' id='word_1_207' title='bbox 1334 3315 1361 3361; x_wconf 88' lang='grc' dir='ltr'>ο.</span> 
     </span>
     <span class='ocr_line' id='line_1_28' title="bbox 237 3386 1362 3474; baseline 0.004 -19"><span class='ocrx_word' id='word_1_208' title='bbox 237 3415 252 3455; x_wconf 89' lang='grc' dir='ltr'><strong><em>ε</em></strong></span> <span class='ocrx_word' id='word_1_209' title='bbox 275 3393 336 3454; x_wconf 87' lang='grc'>471</span> <span class='ocrx_word' id='word_1_210' title='bbox 364 3389 396 3454; x_wconf 77' lang='lat' dir='ltr'>e&#39;l</span> <span class='ocrx_word' id='word_1_211' title='bbox 415 3414 456 3470; x_wconf 91' lang='grc' dir='ltr'>με</span> <span class='ocrx_word' id='word_1_212' title='bbox 478 3386 597 3474; x_wconf 66' lang='grc' dir='ltr'><strong><em>μεθείη</em></strong></span> <span class='ocrx_word' id='word_1_213' title='bbox 621 3390 713 3472; x_wconf 79' lang='grc' dir='ltr'><strong><em>ῥῖγος</em></strong></span> <span class='ocrx_word' id='word_1_214' title='bbox 734 3387 789 3452; x_wconf 87' lang='grc' dir='ltr'>καὶ</span> <span class='ocrx_word' id='word_1_215' title='bbox 811 3388 972 3471; x_wconf 85' lang='grc' dir='ltr'><strong><em>κάματος;</em></strong></span> <span class='ocrx_word' id='word_1_216' title='bbox 996 3417 1017 3454; x_wconf 91' lang='grc' dir='ltr'><strong><em>α</em></strong></span> <span class='ocrx_word' id='word_1_217' title='bbox 1041 3397 1079 3456; x_wconf 88' lang='grc'>77</span> <span class='ocrx_word' id='word_1_218' title='bbox 1108 3389 1301 3456; x_wconf 82' lang='grc' dir='ltr'><strong><em>Ποσειδάων</em></strong></span> <span class='ocrx_word' id='word_1_219' title='bbox 1326 3391 1362 3460; x_wconf 79' lang='grc' dir='ltr'>δὲ</span> 
     </span>
     <span class='ocr_line' id='line_1_29' title="bbox 235 3483 1362 3574; baseline 0.004 -23"><span class='ocrx_word' id='word_1_220' title='bbox 235 3486 385 3572; x_wconf 75' lang='grc' dir='ltr'><strong><em>μεθήσει</em></strong></span> <span class='ocrx_word' id='word_1_221' title='bbox 409 3483 445 3553; x_wconf 83' lang='grc' dir='ltr'>ὃν</span> <span class='ocrx_word' id='word_1_222' title='bbox 465 3486 580 3569; x_wconf 81' lang='grc' dir='ltr'><strong><em>χόλον,</em></strong></span> <span class='ocrx_word' id='word_1_223' title='bbox 610 3489 649 3552; x_wconf 88' lang='lat' dir='ltr'>ef.</span> <span class='ocrx_word' id='word_1_224' title='bbox 678 3489 751 3553; x_wconf 78' lang='lat' dir='ltr'>Eur.</span> <span class='ocrx_word' id='word_1_225' title='bbox 775 3488 858 3554; x_wconf 88' lang='lat' dir='ltr'>Med.</span> <span class='ocrx_word' id='word_1_226' title='bbox 883 3492 962 3572; x_wconf 79' lang='lat'>5903</span> <span class='ocrx_word' id='word_1_227' title='bbox 991 3489 1037 3553; x_wconf 88' lang='lat' dir='ltr'>ita</span> <span class='ocrx_word' id='word_1_228' title='bbox 1064 3490 1251 3573; x_wconf 85' lang='lat' dir='ltr'>saepissime</span> <span class='ocrx_word' id='word_1_229' title='bbox 1273 3490 1362 3574; x_wconf 87' lang='lat' dir='ltr'>apud</span> 
     </span>
     <span class='ocr_line' id='line_1_30' title="bbox 236 3585 1361 3671; baseline 0.002 -20"><span class='ocrx_word' id='word_1_230' title='bbox 236 3585 427 3669; x_wconf 82' lang='lat' dir='ltr'>Euripidem</span> <span class='ocrx_word' id='word_1_231' title='bbox 454 3590 558 3666; x_wconf 73' lang='grc' dir='ltr'><strong><em>μεθές</em></strong></span> <span class='ocrx_word' id='word_1_232' title='bbox 586 3609 627 3666; x_wconf 86' lang='grc' dir='ltr'>με</span> <span class='ocrx_word' id='word_1_233' title='bbox 657 3585 742 3662; x_wconf 84' lang='lat' dir='ltr'>„lass</span> <span class='ocrx_word' id='word_1_234' title='bbox 771 3585 854 3650; x_wconf 90' lang='lat' dir='ltr'>mioh</span> <span class='ocrx_word' id='word_1_235' title='bbox 884 3586 953 3652; x_wconf 88' lang='lat' dir='ltr'>los“</span> <span class='ocrx_word' id='word_1_236' title='bbox 980 3587 1111 3669; x_wconf 84' lang='lat' dir='ltr'>legitur,</span> <span class='ocrx_word' id='word_1_237' title='bbox 1140 3594 1175 3651; x_wconf 88' lang='lat' dir='ltr'>nt</span> <span class='ocrx_word' id='word_1_238' title='bbox 1196 3589 1265 3652; x_wconf 81' lang='lat' dir='ltr'>Ale.</span> <span class='ocrx_word' id='word_1_239' title='bbox 1289 3592 1361 3671; x_wconf 82' lang='grc'>266,</span> 
     </span>
     <span class='ocr_line' id='line_1_31' title="bbox 236 3682 1361 3767; baseline 0.002 -19"><span class='ocrx_word' id='word_1_240' title='bbox 236 3688 316 3766; x_wconf 77' lang='grc'>544;</span> <span class='ocrx_word' id='word_1_241' title='bbox 341 3682 426 3749; x_wconf 88' lang='lat' dir='ltr'>Med.</span> <span class='ocrx_word' id='word_1_242' title='bbox 452 3687 522 3763; x_wconf 85' lang='grc'>177,</span> <span class='ocrx_word' id='word_1_243' title='bbox 545 3687 622 3763; x_wconf 74' lang='grc'>227,</span> <span class='ocrx_word' id='word_1_244' title='bbox 653 3682 771 3750; x_wconf 86' lang='lat' dir='ltr'>deinde</span> <span class='ocrx_word' id='word_1_245' title='bbox 793 3684 923 3750; x_wconf 89' lang='lat' dir='ltr'>notione</span> <span class='ocrx_word' id='word_1_246' title='bbox 947 3685 1168 3767; x_wconf 77' lang='lat' dir='ltr'>„preisgeben</span> <span class='ocrx_word' id='word_1_247' title='bbox 1192 3686 1361 3767; x_wconf 83' lang='lat' dir='ltr'>auigebeu,</span> 
     </span>
     <span class='ocr_line' id='line_1_32' title="bbox 236 3775 1361 3865; baseline 0.002 -20"><span class='ocrx_word' id='word_1_248' title='bbox 236 3781 424 3862; x_wconf 81' lang='lat' dir='ltr'>hingeben“</span> <span class='ocrx_word' id='word_1_249' title='bbox 453 3784 557 3845; x_wconf 79' lang='lat'>0212</span> <span class='ocrx_word' id='word_1_250' title='bbox 587 3777 627 3844; x_wconf 81' lang='grc' dir='ltr'>οὕ</span> <span class='ocrx_word' id='word_1_251' title='bbox 655 3803 692 3845; x_wconf 86' lang='grc' dir='ltr'><strong><em>σε</em></strong></span> <span class='ocrx_word' id='word_1_252' title='bbox 713 3775 874 3864; x_wconf 72' lang='grc' dir='ltr'><strong><em>μεθήσει,</em></strong></span> <span class='ocrx_word' id='word_1_253' title='bbox 909 3783 1037 3863; x_wconf 79' lang='grc'>0553;</span> <span class='ocrx_word' id='word_1_254' title='bbox 1065 3781 1153 3865; x_wconf 89' lang='lat' dir='ltr'>apud</span> <span class='ocrx_word' id='word_1_255' title='bbox 1176 3782 1361 3864; x_wconf 81' lang='lat' dir='ltr'>Euripidem</span> 
     </span>
     <span class='ocr_line' id='line_1_33' title="bbox 235 3871 1361 3962; baseline -0.002 -18"><span class='ocrx_word' id='word_1_256' title='bbox 235 3879 335 3944; x_wconf 87' lang='lat' dir='ltr'>etiam</span> <span class='ocrx_word' id='word_1_257' title='bbox 358 3877 464 3943; x_wconf 84' lang='lat' dir='ltr'>medio</span> <span class='ocrx_word' id='word_1_258' title='bbox 486 3898 621 3961; x_wconf 84' lang='lat' dir='ltr'>genere:</span> <span class='ocrx_word' id='word_1_259' title='bbox 643 3876 728 3944; x_wconf 87' lang='lat' dir='ltr'>Mod.</span> <span class='ocrx_word' id='word_1_260' title='bbox 742 3880 804 3944; x_wconf 85' lang='grc'>736</span> <span class='ocrx_word' id='word_1_261' title='bbox 827 3871 865 3942; x_wconf 79' lang='grc' dir='ltr'><strong><em>σι’·</em></strong></span> <span class='ocrx_word' id='word_1_262' title='bbox 880 3871 994 3958; x_wconf 64' lang='grc' dir='ltr'><strong><em>μεθεῖ)</em></strong></span> <span class='ocrx_word' id='word_1_263' title='bbox 1012 3872 1051 3943; x_wconf 76' lang='grc' dir='ltr'>ἂν</span> <span class='ocrx_word' id='word_1_264' title='bbox 1069 3927 1076 3942; x_wconf 92' lang='grc'><strong>.</strong></span> <span class='ocrx_word' id='word_1_265' title='bbox 1095 3927 1101 3942; x_wconf 92' lang='grc'><em>.</em></span> <span class='ocrx_word' id='word_1_266' title='bbox 1120 3927 1126 3941; x_wconf 96' lang='grc'><strong><em>.</em></strong></span> <span class='ocrx_word' id='word_1_267' title='bbox 1145 3876 1216 3962; x_wconf 77' lang='grc' dir='ltr'><strong><em>ἑμέ;</em></strong></span> <span class='ocrx_word' id='word_1_268' title='bbox 1239 3879 1361 3944; x_wconf 85' lang='lat' dir='ltr'>activo:</span> 
     </span>
     <span class='ocr_line' id='line_1_34' title="bbox 236 3968 1363 4060; baseline 0.001 -19"><span class='ocrx_word' id='word_1_269' title='bbox 236 3977 420 4041; x_wconf 78' lang='lat' dir='ltr'>Ala-1111</span> <span class='ocrx_word' id='word_1_270' title='bbox 458 3968 515 4039; x_wconf 77' lang='grc' dir='ltr'>οὐκ</span> <span class='ocrx_word' id='word_1_271' title='bbox 542 3970 582 4040; x_wconf 79' lang='grc' dir='ltr'>ἂν</span> <span class='ocrx_word' id='word_1_272' title='bbox 611 3980 748 4060; x_wconf 71' lang='grc' dir='ltr'><strong><em>μεθείήν</em></strong></span> <span class='ocrx_word' id='word_1_273' title='bbox 779 3974 837 4057; x_wconf 84' lang='grc' dir='ltr'><strong><em>τήν</em></strong></span> <span class='ocrx_word' id='word_1_274' title='bbox 865 3984 1002 4058; x_wconf 77' lang='grc' dir='ltr'><strong><em>γυναῖκα</em></strong></span> <span class='ocrx_word' id='word_1_275' title='bbox 1031 3972 1258 4059; x_wconf 79' lang='grc' dir='ltr'><strong><em>προσπόλοις;</em></strong></span> <span class='ocrx_word' id='word_1_276' title='bbox 1291 3998 1363 4053; x_wconf 87' lang='lat' dir='ltr'>„zu-</span> 
     </span>
     <span class='ocr_line' id='line_1_35' title="bbox 237 4068 1360 4157; baseline 0 -18"><span class='ocrx_word' id='word_1_277' title='bbox 237 4075 370 4141; x_wconf 78' lang='lat' dir='ltr'>lassen“</span> <span class='ocrx_word' id='word_1_278' title='bbox 402 4073 477 4138; x_wconf 81' lang='lat' dir='ltr'>Eur.</span> <span class='ocrx_word' id='word_1_279' title='bbox 507 4073 629 4140; x_wconf 79' lang='lat' dir='ltr'>Phoeu.</span> <span class='ocrx_word' id='word_1_280' title='bbox 658 4074 719 4136; x_wconf 82' lang='lat'>519</span> <span class='ocrx_word' id='word_1_281' title='bbox 751 4069 853 4137; x_wconf 74' lang='grc' dir='ltr'><strong><em>ἐκεῖνο</em></strong></span> <span class='ocrx_word' id='word_1_282' title='bbox 884 4069 916 4136; x_wconf 78' lang='grc' dir='ltr'>δ’</span> <span class='ocrx_word' id='word_1_283' title='bbox 953 4068 1010 4151; x_wconf 74' lang='grc' dir='ltr'>οὐχ</span> <span class='ocrx_word' id='word_1_284' title='bbox 1044 4070 1123 4136; x_wconf 75' lang='grc' dir='ltr'><strong><em>ἕκων</em></strong></span> <span class='ocrx_word' id='word_1_285' title='bbox 1156 4070 1360 4157; x_wconf 76' lang='grc' dir='ltr'><strong><em>μεθήσομαι,</em></strong></span> 
     </span>
     <span class='ocr_line' id='line_1_36' title="bbox 236 4165 1417 4255; baseline 0.003 -21"><span class='ocrx_word' id='word_1_286' title='bbox 236 4167 351 4255; x_wconf 80' lang='grc' dir='ltr'><strong><em>ἄρχειν</em></strong></span> <span class='ocrx_word' id='word_1_287' title='bbox 374 4165 483 4251; x_wconf 85' lang='grc' dir='ltr'><strong><em>παρόν</em></strong></span> <span class='ocrx_word' id='word_1_288' title='bbox 508 4193 582 4251; x_wconf 90' lang='grc' dir='ltr'><strong><em>μοι,</em></strong></span> <span class='ocrx_word' id='word_1_289' title='bbox 612 4170 698 4253; x_wconf 73' lang='grc' dir='ltr'><strong><em>τῷδε</em></strong></span> <span class='ocrx_word' id='word_1_290' title='bbox 726 4169 902 4234; x_wconf 79' lang='grc' dir='ltr'><strong><em>δουλεῦσαί</em></strong></span> <span class='ocrx_word' id='word_1_291' title='bbox 929 4190 1022 4233; x_wconf 82' lang='grc' dir='ltr'><strong><em>ιτοτε.</em></strong></span> <span class='ocrx_word' id='word_1_292' title='bbox 1067 4169 1094 4232; x_wconf 83' lang='grc' dir='ltr'>Ε</span> <span class='ocrx_word' id='word_1_293' title='bbox 1122 4169 1252 4236; x_wconf 78' lang='lat' dir='ltr'>notione</span> <span class='ocrx_word' id='word_1_294' title='bbox 1279 4173 1363 4248; x_wconf 78' lang='grc' dir='ltr'><strong><em>,Ιοε-</em></strong></span> <span class='ocrx_word' id='word_1_295' title='bbox 1414 4216 1417 4221; x_wconf 97' lang='grc'>-</span> 
     </span>
     <span class='ocr_line' id='line_1_37' title="bbox 236 4266 1362 4351; baseline 0 -17"><span class='ocrx_word' id='word_1_296' title='bbox 236 4270 371 4336; x_wconf 84' lang='lat' dir='ltr'>lassen“</span> <span class='ocrx_word' id='word_1_297' title='bbox 393 4266 512 4334; x_wconf 87' lang='lat' dir='ltr'>deinde</span> <span class='ocrx_word' id='word_1_298' title='bbox 534 4269 711 4351; x_wconf 79' lang='lat' dir='ltr'>explicatur</span> <span class='ocrx_word' id='word_1_299' title='bbox 733 4267 904 4350; x_wconf 83' lang='lat' dir='ltr'>singularis</span> <span class='ocrx_word' id='word_1_300' title='bbox 926 4266 1016 4331; x_wconf 89' lang='lat' dir='ltr'>verbi</span> <span class='ocrx_word' id='word_1_301' title='bbox 1038 4287 1123 4347; x_wconf 88' lang='lat' dir='ltr'>usus,</span> <span class='ocrx_word' id='word_1_302' title='bbox 1145 4286 1244 4347; x_wconf 71' lang='lat' dir='ltr'>quem,</span> <span class='ocrx_word' id='word_1_303' title='bbox 1262 4268 1362 4337; x_wconf 87' lang='lat' dir='ltr'>habes</span> 
     </span>
    </p>
   </div>
   <div class='ocr_carea' id='block_1_3' title="bbox 0 0 1726 5359">
    <p class='ocr_par' dir='ltr' id='par_1_3' title="bbox 0 0 1726 5359">
     <span class='ocr_line' id='line_1_38' title="bbox 0 0 1726 5359; baseline 0 0"><span class='ocrx_word' id='word_1_304' title='bbox 0 0 1726 5359; x_wconf 95' lang='lat' dir='ltr'> </span> 
     </span>
    </p>
   </div>
  </div>
 </body>
</html>
