3442 5359
959 439 979 484 l

381 723 420 783 12
868 725 1019 780 Beermann
1074 786 1076 790 ,

380 899 506 965 videtur
534 919 627 982 quam
656 899 806 964 maxime.
849 896 889 963 In
917 897 1131 964 monumentis
1161 898 1245 963 enim
1275 900 1502 981 imperatorum

380 997 479 1063 aetati
506 996 698 1062 adiudicatis
727 995 882 1062 dialectus
915 997 1053 1062 comitur
1085 996 1314 1080 perfectissime
1343 997 1504 1062 Boeotica.

380 1093 609 1160 Orchomenics
636 1100 744 1161 autem
772 1094 849 1160 inde
874 1094 915 1160 ab
945 1097 986 1160 ol.
1013 1099 1072 1159 145
1101 1094 1337 1172 (0000010.)
1366 1101 1398 1159 et
1420 1094 1504 1160 The·

380 1192 526 1276 spieuses
553 1192 716 1258 iam-ante
739 1193 779 1257 ol.
806 1196 865 1258 135
889 1197 963 1271 (240
986 1214 1016 1259 0.
1040 1190 1126 1268 chr.)
1153 1192 1278 1274 volgari
1301 1210 1450 1258 sermone
1470 1192 1504 1255 in

380 1290 517 1373 publicis
547 1288 745 1355 documentis
773 1309 848 1356 usos
871 1310 942 1356 esse
964 1290 1147 1357 Boeckhins
1176 1288 1287 1366 (000.
1315 1293 1407 1367 1500)
1434 1309 1505 1372 prc-

379 1387 520 1453 babilem
542 1386 576 1451 in
599 1387 735 1452 modum·
751 1386 993 1453 demonstravit.
1027 1388 1104 1453 Noli
1126 1395 1233 1454 tamen
1255 1386 1331 1452 inde
1353 1387 1505 1468 colligere

380 1484 509 1551 omniuo
537 1484 732 1551 abstinuisse
761 1492 838 1568 post
871 1486 905 1550 id
938 1493 1065 1569 tempus
1093 1485 1231 1551 Boeotos
1258 1505 1318 1551 sna
1351 1484 1504 1567 dialcol03

379 1583 484 1665 potius
500 1584 597 1649 etiam
620 1589 742 1668 postea,
765 1603 836 1648 cum
852 1584 917 1649 iam
933 1585 1042 1650 Attica
1056 1584 1213 1650 dialectos
1233 1582 1321 1666 apud
1343 1602 1399 1648 eos
1421 1587 1507 1647 esset

379 1681 455 1746 trita
477 1688 509 1746 00
531 1682 728 1764 pervolgata,
752 1681 908 1764 imprimis
922 1683 955 1746 in
971 1681 1113 1747 donariis
1128 1689 1160 1746 ct
1173 1682 1274 1747 titulis
1290 1679 1504 1759 dedicatoriis,

379 1798 441 1861 quo
470 1778 572 1843 maior
600 1777 776 1844 efficeretur
805 1780 1004 1861 gravitaret
1024 1780 1241 1860 sollemnitas,
1270 1786 1411 1844 retorem
1441 1778 1506 1842 dia·

379 1878 495 1942 lectum
524 1875 612 1941 haud
640 1896 713 1940 raro
735 1877 941 1942 revocabant.
985 1875 1076 1956 Quae
1097 1897 1168 1944 cum
1189 1878 1236 1941 ita
1261 1877 1341 1958 sint,
1370 1882 1506 1941 nonest

380 1972 566 2052 offensioni,
596 1973 681 2055 quod
711 1973 760 2039 bis
787 1975 822 2038 in
850 1975 951 2040 titulis
973 1974 1132 2040 interdum
1155 1981 1187 2040 00
1209 1977 1358 2058 volgares
1384 1974 1505 2038 formae

379 2079 603 2137 remanserunt
618 2077 650 2137 et
665 2072 763 2137 nimio
778 2072 978 2155 antiquitatis
996 2072 1102 2138 studio
1124 2072 1239 2155 prioris
1253 2073 1369 2139 aetatis
1384 2072 1505 2137 formae

379 2174 539 2234 recentem
562 2168 605 2233 ad
627 2189 770 2234 normam
785 2175 929 2237 mutatae
943 2177 1018 2236 sunt
1031 2170 1197 2237 adhibitae
1218 2171 1269 2248 (cf.
1286 2165 1409 2245 drvddg
1430 2172 1450 2248 ξ
1468 2173 1505 2232 10

227 2289 231 2295 ·
337 2323 339 2327 .
379 2266 413 2332 II
434 2265 459 2329 B
482 2285 503 2330 a
523 2277 554 2348 ²3
582 2269 772 2350 Aroyfccrog
793 2270 813 2347 ἕ
836 2273 854 2332 7
877 2269 921 2347 b).

464 2365 597 2430 Summa
625 2365 721 2447 igitur·
739 2369 867 2448 eorum,
898 2384 981 2449 quae
1010 2366 1051 2430 dc
1079 2364 1244 2430 titulorum
1271 2365 1410 2430 dialecto
1433 2371 1506 2429 sunt

379 2448 613 2543 constituenda,
637 2469 686 2528 est
707 2464 803 2528 haec:
826 2471 965 2530 exeunte
986 2462 1114 2528 saeculo
1136 2462 1230 2528 tertio
1245 2463 1357 2528 Boeoti
1379 2463 1505 2527 Atticae

379 2558 517 2625 dialecto
546 2560 655 2626 favere
684 2561 790 2626 exorsi
818 2567 894 2626 sunt
923 2569 954 2625 et
975 2561 1132 2644 praebent
1159 2561 1245 2627 tituli
1273 2560 1367 2626 huius
1389 2561 1505 2625 aetatis

380 2657 500 2723 mixtae
523 2658 652 2724 dialecti
675 2658 814 2741 speciem
843 2663 884 2736 (0.
906 2679 937 2741 g.
961 2659 1020 2724 K.²
1042 2663 1082 2723 35
1106 2653 1287 2739 Ζώπυρος,
1318 2653 1504 2739 Ζωποόρω,

378 2751 543 2836 Στράτων,
559 2751 723 2837 Στράτων,
739 2760 870 2837 arpino,
888 2759 1041 2838 Σωτείρω
1057 2760 1146 2838 ete),
1169 2755 1377 2821 nihilominus
1393 2762 1505 2839 postea

378 2872 503 2936 quoque
531 2855 635 2938 patrio
665 2871 812 2921 sermone
834 2855 868 2919 in
896 2854 999 2920 titulis
1020 2853 1181 2920 interdum
1203 2859 1278 2919 sunt
1299 2853 1365 2934 usi,
1396 2874 1504 2936 qnam·

258 3037 260 3041 y
379 2971 473 3038 quam
496 2957 545 3017 est
567 2952 696 3034 qnando
724 2952 757 3017 in
784 2953 887 3018 titulis
909 2954 977 3018 eius
1000 2952 1125 3035 generis
1153 2950 1275 3025 formae
1303 2957 1335 3018 et
1362 2953 1504 3035 volgaris

379 3051 534 3116 sermonis
556 3057 588 3116 et
610 3050 780 3117 affectatae
801 3050 1002 3132 antiquitatis
1024 3055 1199 3114 occurrant.

463 3164 591 3242 Restat,
615 3166 650 3225 ut
672 3161 784 3243 paucis
807 3161 910 3225 dicam
934 3159 983 3225 de
1005 3178 1155 3241 genere
1176 3158 1503 3242 inscriptionum.

379 3257 469 3337 Quae
497 3266 645 3324 constant
672 3259 814 3322 maxima
843 3276 884 3323 cx
912 3264 1004 3340 parte
1033 3256 1215 3322 nominibus
1240 3256 1378 3339 propriis
1399 3276 1504 3339 neque

377 3356 474 3438 igitur
494 3356 631 3420 fructum
654 3354 811 3437 praebent
832 3374 921 3436 eum,
950 3373 1044 3437 quem
1066 3355 1093 3420 si
1114 3373 1280 3420 numerum
1308 3361 1437 3436 spectas
1459 3355 1503 3419 vi-

379 3453 494 3519 dentur
515 3453 736 3536 praebituram
761 3472 837 3542 nam
861 3472 956 3534 quam
979 3453 1022 3517 sit
1043 3452 1199 3517 lubricum
1222 3471 1262 3517 ex
1285 3453 1353 3518 eius
1375 3453 1503 3535 generis

374 3551 546 3617 uocabulis
574 3551 664 3633 leges
692 3570 840 3615 sonorum
870 3556 902 3616 et
929 3550 1099 3616 formarum
1129 3550 1322 3616 mutationes
1350 3550 1502 3616 constrin-

378 3655 491 3732 gentes
513 3646 688 3730 deducere,
710 3648 805 3715 faoile
826 3656 971 3731 apparet.

507 3853 551 3931 11)
596 3853 652 3918 De
684 3858 895 3936 poetarum
929 3852 1171 3935 fragmentis
1204 3859 1242 3918 et
1269 3851 1502 3933 grammati·

379 3971 510 4017 corum
532 3950 793 4016 testimoniis.

464 4117 553 4182 Haeo
575 4115 638 4181 dno
660 4111 793 4185 fontium
816 4134 937 4198 genera
958 4114 1104 4179 inunum
1127 4113 1363 4197 comprehendo
1385 4114 1500 4179 titulis·

379 4233 441 4297 que
463 4234 609 4297 oppono,
639 4214 714 4296 quia
741 4214 876 4279 alterum
895 4214 945 4278 'ex
967 4212 1067 4277 altero
1096 4212 1216 4295 pendet
1243 4212 1351 4294 itaque
1374 4230 1501 4295 prorsus

377 4311 490 4378 eodem
519 4312 589 4376 loco
616 4310 771 4377 habenda
799 4319 882 4376 sunt.
927 4308 1133 4376 Grammatioi
1156 4309 1241 4375 enim
1265 4309 1389 4392 omnia,
1419 4327 1500 4392 quae
