3442 5359
612 745 644 800 de
663 746 864 814 praepositione
881 744 959 816 μετά.
1070 755 1074 760 “
1293 745 1350 806 141

274 917 351 1004 2003
382 922 433 987 bio
466 938 592 1003 quoque
624 919 824 983 aecusativus
852 938 1080 1001 nonnunquam
1115 939 1172 1002 pro
1205 922 1355 1002 genetivo

274 1027 415 1102 torpatur,
445 1020 500 1084 ubi
522 1019 662 1099 aliquem
685 1037 750 1080 non
772 1025 897 1099 partem
919 1023 1059 1095 tantum,
1086 1016 1144 1082 sed
1166 1025 1265 1082 totam
1288 1037 1353 1082 rem

274 1116 373 1200 eripere
395 1115 571 1196 indicatur,
602 1120 637 1178 ut
659 1112 734 1178 Hdt.
760 1113 848 1194 VIII,
874 1121 907 1195 53
935 1115 993 1195 lx,
1018 1119 1073 1196 343
1105 1115 1189 1180 Xen.
1213 1116 1274 1180 An.
1300 1115 1354 1195 IV,

274 1218 313 1285 t5·
343 1214 582 1282 Substantivum
598 1212 640 1277 ab
663 1212 724 1277 bae
739 1212 837 1295 stirpe
859 1212 1029 1277 formatum
1051 1210 1228 1292 μετάδοσις
1251 1232 1355 1287 „eom-

274 1312 421 1378 rooiostio“
444 1313 542 1378 habet
565 1311 649 1375 Xen.
673 1308 787 1393 Cyrop.
813 1310 901 1393 VIII,
927 1314 961 1391 2,
986 1314 1005 1374 2
1033 1335 1066 1391 μ.
1091 1315 1191 1374 σίτων
1214 1311 1266 1373 καὶ
1290 1330 1355 1374 πο-

274 1406 310 1472 is.
342 1410 528 1492 Respondet
541 1409 613 1476 voei
634 1403 840 1488 μεταδίδωμι
856 1409 988 1473 verbum
1011 1408 1110 1473 multo
1132 1410 1238 1474 minus
1259 1408 1355 1473 usita-

274 1525 316 1590 rm,
343 1508 426 1590 quod
450 1516 610 1591 postremo
634 1506 695 1571 boo
723 1507 793 1571 loeo
816 1526 1113 1587 commemoramus,
1144 1509 1353 1586 μεταιτέω

274 1603 382 1670 ιΙίοσίαο
414 1607 460 1671 rei
489 1614 614 1690 partem
643 1605 704 1671 sibi
737 1609 903 1687 posuere“‚
938 1604 1023 1686 quod
1052 1606 1253 1670 eoniunotum
1282 1623 1353 1668 eum

274 1703 377 1768 lnelivo
407 1704 522 1786 legitur
545 1705 620 1770 Hdt.
652 1706 707 1787 lv,
742 1710 800 1771 146
828 1704 888 1789 τῆς
913 1698 1089 1786 βασιληίης
1117 1707 1352 1783 μεταιτέοντες,

274 1817 308 1862 un
331 1803 511 1867 accusativo
534 1808 633 1885 μέρος
656 1805 753 1869 Arist.
778 1803 875 1886 Vesp.
900 1806 962 1866 972
991 1799 1116 1864 τούτων
1145 1805 1294 1880 μεταιτεῖ
1315 1800 1353 1864 τὸ

274 1897 342 1976 ἔρος,
375 1899 522 1966 absolute
552 1901 670 1966 dietum
700 1901 776 1968 Hdt.
804 1901 881 1980 Vll,
908 1903 985 1980 150,
1015 1900 1162 1983 apposito
1192 1900 1353 1981 genetivo,

274 1995 292 2058 ri
310 1998 426 2079 pendet
448 2017 465 2062 e
488 2000 727 2083 praepositione
749 1993 851 2078 παρά,
876 1999 968 2063 Dem.
992 2018 1023 2080 p.
1047 2002 1119 2075 410,
1146 2001 1194 2060 12.

317 2094 413 2161 Vides
442 2097 543 2161 verba
576 2098 637 2162 bau
670 2097 873 2180 paragrapho
902 2102 1055 2172 tractata,
1090 2114 1171 2176 quae
1202 2095 1261 2160 etsi
1290 2117 1354 2160 non

274 2197 306 2254 ut
324 2193 438 2273 multa,
469 2215 545 2260 usus
567 2203 675 2260 tamen
698 2194 878 2276 frequentia
901 2192 1087 2273 insigniora,
1111 2213 1181 2257 eum
1204 2193 1355 2275 genetivo

275 2291 385 2374 murgi,
410 2291 464 2355 ubi
487 2292 667 2375 significant
690 2292 843 2369 „Antheil
865 2312 909 2356 an
931 2298 1031 2356 etwas
1054 2291 1170 2369 baben,
1194 2291 1353 2355 nahmen“

274 2385 287 2449 l
311 2389 412 2454 simile
442 2391 534 2472 quid,
571 2410 641 2455 eum
671 2390 854 2454 accusativo
892 2396 925 2454 et
954 2389 1092 2453 maxime
1126 2387 1254 2469 quidem
1283 2409 1354 2453 eum

274 2486 327 2565 loeo
348 2505 443 2565 voce,
473 2489 528 2552 ubi
550 2489 614 2552 vim
638 2487 760 2552 habent
781 2486 884 2551 nostri
913 2495 1007 2547 etwas
1037 2486 1081 2547 uls
1105 2485 1235 2547 Antaeis
1255 2485 1354 2569 habea

274 2601 305 2666 e.;
334 2582 462 2649 dativus
484 2606 556 2651 raro
585 2591 710 2650 tantum
733 2584 920 2667 apponitur,
951 2584 1138 2666 plerumque
1160 2583 1355 2666 cogitatione

274 2686 282 2745 l
300 2681 548 2765 intellegendus.

755 2835 774 2913 ξ,
798 2840 826 2898 5.

274 2986 278 3039 l
301 2983 605 3049 PRAEPOSITIONIS
629 2987 730 3036 ΜΕΤΑ
755 2983 794 3038 IN
818 2983 1021 3039 NOMINIBUS
1041 2981 1254 3038 COMPOSITIS
1277 2981 1354 3038 Usu,

309 3106 381 3172 Iam
405 3111 574 3189 postquam
590 3107 698 3189 verba,
722 3106 756 3170 in
779 3106 893 3186 quibus
916 3103 999 3184 μετά
1021 3105 1151 3188 propria
1173 3124 1231 3168 sua
1253 3105 1286 3168 vi
1308 3124 1355 3171 re-

274 3203 389 3270 >ndens
412 3210 519 3267 nostro
542 3202 600 3265 mit
617 3211 803 3288 usurpatum
820 3210 877 3282 est,
901 3203 1046 3281 tractari,
1070 3208 1179 3284 restat,
1203 3211 1238 3267 ut
1260 3222 1355 3285 agam

292 3301 494 3383 nominibus,
531 3301 645 3382 quibus
674 3301 787 3366 eadem
815 3301 868 3366 vel
903 3299 995 3365 simili
1025 3301 1058 3364 vi
1092 3300 1268 3384 praefixum
1298 3309 1354 3367 est.

275 3421 294 3466 a
324 3399 359 3463 in
388 3417 423 3462 re
452 3398 497 3462 ita
526 3398 762 3480 procedendum
785 3398 930 3477 videtur,
961 3402 995 3461 ut
1022 3399 1127 3481 priore
1158 3400 1227 3464 loeo
1253 3398 1294 3464 de
1315 3399 1355 3464 iis

275 3516 329 3562 am
355 3495 487 3559 vocibus
510 3496 709 3578 compositis,
740 3516 874 3578 quarum
898 3496 1000 3561 altera
1022 3515 1097 3578 pars
1119 3496 1285 3563 immutata
1307 3516 1355 3563 re·
1464 3492 1466 3495 ’

274 3594 359 3672 nsit,
384 3593 484 3657 altero
508 3612 563 3658 eas
586 3601 734 3672 tractem,
763 3613 845 3675 quae
868 3594 1042 3659 seeundum
1066 3594 1243 3659 membrum
1266 3596 1355 3658 vario
1478 3662 1483 3672 ,

277 3695 319 3756 do
344 3697 499 3754 mutatum
525 3690 693 3774 exhibent,
722 3711 801 3773 quas
824 3690 952 3772 quidem
977 3692 1073 3757 etiam
1096 3691 1139 3756 ad
1162 3693 1354 3757 sententiam

274 3807 411 3872 crepare
433 3808 454 3851 a
476 3789 634 3870 prioribus
656 3796 769 3872 postea
791 3789 969 3872 apparebit.

309 3886 335 3950 1.
369 3885 469 3948 Priori
500 3885 595 3950 elassi
619 3906 780 3970 perpauca
802 3886 934 3951 nomina
965 3891 1040 3949 sunt
1068 3885 1292 3965 attribuenda,
1321 3884 1354 3948 in

274 3985 341 4048 bus
371 4003 467 4046 unum
493 3983 730 4047 usitatissimum
759 3985 973 4063 μέτοικος,
1009 3980 1094 4061 quod
1122 3981 1288 4063 aptissime
1310 3980 1356 4045 ita

274 4081 416 4165 plicatur,
440 4085 474 4143 ut
489 4079 644 4162 significet
667 4079 758 4145 οἴκου
774 4083 927 4159 μετέχων,
954 4069 1042 4140 οἶκον
1058 4075 1141 4156 μετά
1156 4098 1245 4152 τινος
1261 4075 1353 4157 ἐ’χιον,

274 4198 337 4261 que
359 4178 566 4260 compositum
591 4178 632 4242 sit
652 4178 737 4260 quod
760 4177 874 4242 dieitur
896 4174 1171 4257 attributivum¹⁴l;
1194 4175 1356 4241 invenitur

274 4300 435 4310 ——-

300 4346 332 4412 ¹⁴)
351 4343 392 4399 Ol.
413 4343 581 4398 schoemaon
600 4345 706 4399 Grieeh.
726 4345 910 4398 Alterthiimer
927 4344 960 4405 1³,
979 4347 1019 4396 42.
