3442 5359
404 724 463 788 146
922 727 1020 781 Funck

403 896 521 965 ὠκεῖαν
544 903 632 964 τέκεν
650 887 741 980 ἴΙριν,
773 893 935 981 ἠυκόμους
964 891 1003 961 θ’
1028 892 1210 980 Ἀρινοῖας,
1231 890 1356 962 Ἀελλώ
1379 891 1409 959 ν’
1427 893 1496 960 Ὠκυ-

404 996 505 1081 πέτην
529 1022 580 1074 τε,
611 995 650 1061 αἵ
670 993 703 1081 ῥ’
736 988 864 1076 ἀνέμων
895 997 1033 1082 πνοιῇσι
1055 999 1109 1060 καῖ
1132 995 1266 1072 οἰωνοῖς
1295 987 1355 1077 ἅμ’
1386 993 1497 1058 ἕπονται
1537 1038 1541 1055 .

341 1084 344 1089 ’
405 1088 519 1180 ὠκείῃς
542 1092 756 1179 πτερύγεσσι·
780 1091 992 1174 μεταχρόνιαι
1008 1091 1068 1176 γὰρ
1087 1092 1218 1177 ἴαλλον,
1242 1094 1340 1176 vulgo
1362 1092 1498 1175 explicant

404 1196 592 1276 interpretes
626 1189 898 1273 ,μεταχθόνιαιξ
940 1211 1035 1273 qnam
1068 1210 1178 1257 vocem
1214 1191 1322 1257 nescio
1359 1210 1418 1272 qno
1448 1189 1498 1252 iuro

404 1289 645 1368 „tiberirdisch“
671 1288 852 1371 significare
881 1298 1025 1372 sumant,
1056 1289 1272 1372 Gocttlingius
1294 1289 1395 1354 voluit
1418 1287 1499 1365 „celer
1539 1338 1541 1343 .

402 1389 444 1454 ad
466 1389 569 1453 instar
590 1387 743 1471 temporis
752 1391 774 1468 “‚
798 1386 856 1452 sed
880 1387 940 1452 hoe
962 1386 1057 1450 nimis
1079 1385 1283 1452 artificiosum
1305 1385 1442 1469 videtum
1459 1383 1499 1449 alii
1540 1422 1541 1431 .

404 1486 468 1554 alia
490 1493 725 1568 proposuerunt
747 1505 811 1551 non
827 1485 930 1566 magis
952 1483 1143 1567 probabilia.
1180 1484 1288 1549 Etiam
1310 1484 1397 1568 apud
1418 1502 1500 1550 recen·

403 1586 500 1648 tiores
522 1588 636 1666 poetas
659 1581 776 1665 epicos,
799 1589 833 1645 ut
855 1580 942 1664 apud
965 1580 1171 1664 Apollonium
1193 1581 1354 1646 Rhodium
1378 1583 1428 1662 (ll,
1443 1585 1499 1660 3003

404 1682 482 1761 589,
516 1679 571 1743 ubi
608 1679 648 1744 de
681 1679 817 1744 navibus
850 1678 997 1757 dictum),
1036 1679 1163 1761 saepius
1195 1679 1408 1763 μεταχρόνιος
1437 1678 1500 1742 idem

403 1781 490 1844 valet
513 1777 598 1860 quod
620 1773 806 1859 μετάρσιος,
832 1774 944 1842 sedet
974 1775 1035 1857 hio,
1059 1775 1216 1857 quomodo
1240 1776 1282 1841 ad
1304 1778 1389 1843 hanc
1409 1771 1500 1859 signifi·
1538 1778 1541 1787 '

403 1877 558 1942 cntionem
575 1875 766 1959 pervenerit,
789 1873 956 1938 obscurum
979 1879 1036 1938 est.
1075 1873 1225 1957 Sequitur
1245 1872 1499 1956 μεταμώνιος,

402 1974 490 2039 cuius
506 1972 594 2037 notio
610 1972 738 2055 quidem
755 1971 925 2054 perspicua
942 1976 1000 2049 cst,
1018 1971 1105 2053 origo
1122 1974 1239 2055 etipsa
1258 1973 1403 2038 obscura.
1438 1971 1499 2036 llam

404 2090 596 2153 quamquam
630 2070 714 2133 hanc
742 2086 852 2132 vocem
884 2068 1044 2145 (scribitur
1079 2069 1187 2148 etiam·
1208 2068 1427 2151 μεναμώλιος)
1453 2067 1500 2131 vim
1539 2138 1541 2155 p

403 2167 510 2232 Latini
540 2166 689 2231 adiectiri
720 2166 867 2242 „inanis“
903 2166 1022 2232 habere
1050 2185 1162 2232 omncs
1190 2168 1406 2249 consentiunt,
1437 2162 1500 2231 unde
1540 2170 1541 2179 ’

402 2265 482 2330 haec
505 2264 554 2329 vis
583 2265 624 2329 sit
643 2263 838 2343 derivanda,
869 2283 963 2328 nemo
986 2263 1091 2329 adhuc
1114 2271 1198 2329 certo
1229 2264 1443 2331 demonstrare
1462 2280 1501 2345 po·

402 2363 471 2427 tuit.
523 2362 714 2444 Plerumque
742 2361 932 2424 vocabulum
962 2380 1034 2445 cum
1063 2356 1183 2440 ἄνεμος
1211 2363 1414 2446 coniungitur
1437 2377 1498 2427 com·

401 2467 514 2543 parato
537 2466 644 2524 nostro
667 2459 765 2523 verbo
794 2458 922 2540 ruiadr‘p,
954 2459 1077 2523 Graeco
1104 2453 1287 2540 ἀνεμώλιος
1310 2468 1343 2526 et
1363 2462 1430 2526 loco
1448 2453 1498 2523 Ari·
1540 2536 1541 2543 ¹

402 2558 505 2641 stoph-
536 2558 608 2622 Pac.
643 2562 700 2620 117
734 2548 807 2637 μετ’
836 2547 992 2636 ’ὀρνίθιον
1026 2555 1203 2637 προλιπών
1227 2555 1285 2637 ἐμὲ
1318 2555 1352 2635 ἐς
1385 2555 1498 2639 κόρακος
1539 2602 1541 2607 <

401 2655 513 2738 βαδιεῖ
544 2652 761 2737 μεταμώνιος.
815 2654 856 2717 Ελ
892 2653 1041 2736 probavit
1081 2655 1176 2719 hanc*
1197 2655 1390 2720 sententiam
1424 2653 1497 2720 etiam
1540 2678 1541 2687 ¹

401 2754 523 2818 Pettius
552 2755 600 2831 (E.
628 2754 663 2816 F.
695 2753 725 2833 Ι,
757 2755 846 2830 757),
877 2751 932 2832 qui
962 2770 980 2816 e
1008 2748 1278 2832 *μετανεμωνιος
1306 2752 1424 2819 tactum
1447 2765 1499 2818 esce
1540 2820 1541 2829 ¹

403 2859 494 2934 putat
523 2848 790 2931 *μετανμωνιος,
817 2846 1095 2928 *μεταμμωνιος,
1118 2847 1335 2930 μεταμώνιος.
1382 2850 1443 2916 Sed
1459 2847 1500 2911 vii

400 2947 591 3014 crediderim
615 2949 696 3012 tales
725 2967 874 3012 sonorum
902 2947 1096 3012 mutationes
1118 2947 1338 3015 consimilibus
1367 2944 1500 3030 exemplis

400 3067 494 3129 posse
516 3046 655 3130 probari,
680 3065 718 3109 ac
740 3047 916 3128 practerea,
940 3045 1087 3126 quamvis
1102 3045 1206 3110 exitus
1228 3044 1348 3122 -ωλιος
1364 3052 1461 3112 exstet
1476 3043 1501 3106 in

401 3137 583 3222 ἀνεμώλιος
612 3141 787 3221 adiectivo,
811 3148 920 3206 tamen
949 3160 1044 3207 nemo
1066 3141 1173 3206 adhue
1195 3141 1320 3218 -ωλιος
1341 3144 1376 3209 in
1400 3160 1502 3215 -ονιος

399 3240 515 3304 mutari
537 3259 633 3324 posse
654 3239 895 3305 demonstravit.
933 3239 1060 3320 Nescio,
1084 3259 1126 3303 an
1141 3260 1206 3304 non
1221 3241 1325 3322 magis
1346 3239 1504 3325 probabilis

401 3339 441 3402 sit
455 3339 557 3401 altera
573 3337 745 3420 explicatio
767 3358 787 3401 a
803 3337 967 3401 Lobeckio
984 3336 1088 3418 (proli.
1111 3357 1142 3419 p.
1162 3341 1236 3419 135,
1260 3338 1383 3421 pathol.
1401 3362 1431 3424 p.
1446 3339 1505 3413 349)

398 3434 572 3518 proposita.
617 3435 712 3498 Putat
739 3434 788 3498 vir
818 3432 1020 3500 doctissimus
1048 3437 1168 3499 exitum
1197 3436 1285 3501 vocis
1313 3434 1506 3516 μεταμώλιος

399 3551 419 3595 a
434 3531 543 3596 radice
557 3531 647 3595 verbi
662 3530 776 3611 μολεῖν
798 3532 953 3614 originem
970 3531 1110 3613 duxisse,
1134 3538 1362 3615 comparatque
1384 3533 1508 3600 maxime

400 3620 584 3710 ἇννιμωλία
607 3627 677 3711 δίκη
702 3637 734 3694 et
756 3628 974 3711 ἑτερομώλιος
998 3630 1086 3712 δίκη,
1110 3640 1142 3695 et
1164 3630 1305 3713 explicat
1327 3631 1509 3708 „transilis‘'‚

398 3747 481 3808 quae
514 3727 600 3791 notio
630 3748 694 3792 non
724 3728 809 3794 male
837 3747 915 3793 sane
945 3727 1116 3809 quadraret
1144 3728 1222 3793 locis
1252 3729 1458 3813 quibusdam,
1482 3734 1511 3792 ut

397 3829 429 3888 Δ
452 3828 524 3889 363.
569 3826 610 3888 At
638 3824 774 3906 primum
803 3826 931 3907 quidem
960 3823 1169 3906 μεταμώλιος
1192 3846 1257 3890 non
1274 3828 1391 3892 >solum
1411 3835 1511 3906 ¹„tran-

397 3923 475 4006 silis‚
498 3921 683 3987 mutabilis“
706 3931 754 3988 est
774 3924 832 3990 scd
848 3944 978 4008 prorsus
1001 3924 1137 4005 „inanis
1162 3922 1314 4006 nichtig“‚
1338 3945 1434 4009 qnam
1455 3923 1513 4008 qni·

399 4019 470 4086 dem
494 4021 657 4086 notionem
679 4021 758 4086 locis
782 4021 846 4087 his:
881 4027 903 4104 β
926 4024 983 4103 98,
1013 4044 1032 4084 ν
1058 4025 1134 4103 143,
1158 4043 1178 4085 σ
1201 4023 1279 4105 332,
1303 4024 1383 4104 392,
1405 4026 1438 4086 Δ
1458 4024 1512 4088 363

397 4120 496 4183 multo
518 4119 673 4202 aptiorem
688 4139 782 4200 quam
805 4120 895 4185 illam
918 4138 989 4185 esse
1010 4139 1114 4201 neque
1136 4140 1200 4184 non
1222 4126 1333 4202 aptam
1357 4139 1430 4186 esse
1450 4121 1512 4185 loco

396 4216 631 4299 Aristophaneo
654 4236 748 4281 nemo
778 4239 842 4282 non
872 4217 1040 4300 intellegit.
1087 4215 1213 4282 Deinde
1242 4217 1352 4300 stirpis
1377 4216 1442 4299 μολ
1462 4216 1514 4281 illa

395 4314 428 4377 vi
451 4333 520 4378 cum
551 4313 709 4397 particula
737 4312 819 4395 μενά
842 4303 1038 4403 compositae
1067 4314 1190 4378 nullum
1221 4322 1328 4380 exstat
1350 4316 1513 4398 vestigium
