3442 5359
669 669 702 724 de
720 668 920 739 praepositione
937 663 1016 738 μετά.
1355 667 1415 730 119

278 859 303 904 a
331 839 457 920 Pottio,
489 839 660 922 Kithnero,
689 840 763 907 aliis
793 839 913 924 optimo
942 840 1010 908 iure
1032 841 1186 907 monitum
1218 841 1259 907 sit
1285 862 1415 927 prorsus

279 957 348 1003 non
371 935 540 1020 intellegi,
571 937 729 1020 quomodo
752 957 792 1004 ex
820 938 1058 1021 praepositione
1080 959 1146 1006 una
1167 941 1347 1024 complures
1369 940 1415 1005 di-

278 1034 370 1100 versi
393 1053 490 1102 casus
513 1035 656 1120 pendere
678 1035 809 1121 possint.
854 1033 957 1115 Quam
979 1043 1050 1103 arte
1072 1037 1179 1102 vanus
1207 1037 1260 1102 hio
1279 1057 1416 1122 praepo·

278 1132 440 1199 sitionum
461 1152 539 1199 usus
555 1153 626 1198 eum
641 1132 824 1199 notionibus
839 1133 1008 1198 verborum
1024 1134 1203 1214 cohaereat,
1227 1133 1324 1199 etiam
1338 1134 1416 1201 inde

278 1229 481 1313 intellegere
496 1230 581 1313 licet,
605 1230 690 1313 quod
712 1250 754 1296 ue
777 1230 831 1295 nni
855 1229 983 1313 quidem
1000 1251 1109 1298 earum
1132 1232 1414 1315 praepositionum,

278 1346 370 1411 quae
393 1327 546 1394 inferiore
568 1335 712 1411 tempore
733 1329 890 1394 formatae
912 1335 985 1394 sunt
1006 1349 1066 1395 neo
1087 1328 1193 1393 solent
1214 1347 1286 1392 oum
1308 1329 1415 1396 verbis

278 1424 454 1510 componi,
483 1424 663 1508 complures
692 1445 784 1492 casus
812 1432 1027 1509 apponuntur.
1071 1426 1171 1492 Recte
1199 1424 1262 1490 iam
1289 1433 1415 1495 veteres

278 1522 488 1604 grammatici
518 1522 570 1596 (of.
599 1522 803 1590 Schoemann
831 1522 967 1588 Redeth.
998 1544 1029 1607 p.
1055 1526 1127 1596 141)
1157 1523 1254 1588 hasce
1281 1544 1302 1589 a
1329 1526 1415 1591 veris

278 1619 581 1703 praepositionibus
615 1639 744 1702 prorsus
778 1618 990 1685 secludebant
1018 1639 1136 1702 easque
1170 1620 1333 1687 adverbiis
1362 1623 1414 1689 vel

279 1717 564 1784 coniunctionibus
586 1717 857 1800 adnumerabant3
880 1736 951 1782 cum
974 1718 1102 1783 casibus
1124 1714 1274 1800 coniungi
1296 1738 1415 1802 magna

278 1833 398 1880 earum
419 1835 496 1898 pars
517 1816 692 1899 posteriore
708 1815 835 1882 demum
851 1820 995 1898 tempore
1011 1822 1060 1881 est
1077 1821 1192 1897 coepta
1207 1820 1239 1880 et
1259 1815 1292 1879 in
1317 1836 1356 1882 ea
1378 1836 1413 1883 re

280 1913 337 1979 vel
361 1915 467 1996 ipsam
486 1932 577 1979 suam
592 1920 740 1979 naturam
755 1915 871 1989 (conso,
892 1915 1006 1994 pratia,
1030 1909 1136 1994 χάριν)
1160 1912 1212 1979 vel
1228 1913 1411 1996 analogiam

281 2030 342 2078 seu
372 2017 582 2094 cognatarum
617 2009 888 2094 praepositionum
916 2007 1008 2088 (ἔξω,
1044 2004 1146 2086 ἐκτός)
1175 2029 1232 2075 seu
1261 2010 1413 2078 similium

281 2103 412 2192 (χωρίς)
435 2108 660 2190 sequebantur.
706 2107 818 2188 ltaque
840 2112 966 2171 tantum
988 2107 1088 2186 abest,
1111 2113 1145 2171 ut
1168 2106 1230 2172 hae
1252 2111 1414 2193 praeposi·

283 2207 406 2287 tiones,
442 2225 461 2271 e
491 2205 605 2287 quibus
633 2223 747 2270 revera
775 2223 868 2269 casus
897 2203 1057 2286 pendent,
1091 2208 1284 2273 sententiam
1317 2214 1415 2273 antea
1479 2266 1484 2279 ,

284 2301 631 2389 prolataminfirment‚
648 2308 807 2367 utcontra
823 2303 961 2367 maxime
981 2321 1052 2366 eam
1068 2303 1264 2370 confirment.
1301 2304 1413 2386 Neque

286 2421 362 2468 vero
386 2407 473 2466 stare
494 2405 601 2483 potest
616 2418 699 2481 quae
721 2399 825 2464 altera
841 2398 881 2463 de
904 2401 1177 2482 praepositionum
1193 2422 1264 2467 oum
1287 2400 1414 2468 casibus

286 2498 511 2564 coniunctione
534 2495 697 2580 proposita
719 2502 767 2561 est
789 2496 960 2577 sententia,
985 2516 1025 2562 ex
1044 2517 1107 2579 qua
1129 2519 1221 2565 casus
1243 2499 1325 2565 adeo
1348 2519 1413 2564 non

288 2594 580 2681 praepositionibus
602 2600 770 2677 reguntur,
793 2598 828 2656 ut
850 2594 955 2675 potius
978 2613 996 2659 e
1018 2596 1095 2661 solis
1117 2598 1225 2664 verbis
1245 2597 1326 2681 ipsis
1348 2618 1415 2664 sus·

289 2692 378 2777 pensi
402 2690 482 2770 sint,
512 2691 768 2775 praepositiones
790 2697 897 2756 autem
927 2694 1147 2758 tantummodo
1170 2695 1212 2761 ad
1235 2696 1342 2763 varias
1364 2715 1414 2760 ca·

288 2811 378 2857 suum
393 2787 654 2872 significationes,
678 2807 760 2871 quae
774 2787 866 2852 initio
881 2788 946 2852 iam
962 2789 1041 2872 ipsis
1058 2791 1186 2857 casibus
1209 2792 1415 2858 contineban-

289 2895 352 2970 tur,
382 2887 560 2955 accuratius
591 2885 834 2968 distinguendas
862 2892 975 2968 postea
1002 2887 1066 2951 sint
1095 2888 1271 2971 appositae.
1324 2889 1416 2967 Quae

290 2986 448 3053 sententia
474 2991 645 3069 propterea
667 2990 716 3049 est
737 2982 967 3066 improbanda,
997 2985 1097 3066 quod,
1129 3005 1211 3067 quae
1233 3005 1312 3051 sane
1333 2987 1415 3051 anti-

291 3084 442 3169 quissima
469 3082 600 3165 linguae
629 3087 736 3147 aetate
759 3086 828 3146 erat
850 3081 899 3146 vis
922 3100 1066 3164 casuum,
1096 3102 1171 3148 eam·
1190 3083 1286 3148 etiam
1308 3090 1414 3168 poste-

292 3180 384 3264 riore,
417 3179 458 3246 de
479 3199 541 3263 quo
570 3200 629 3245 nos
651 3180 791 3260 agimus,
821 3185 966 3262 tempore
988 3186 1148 3246 servatam
1178 3181 1275 3247 fuisse
1301 3201 1413 3265 parum

292 3277 442 3345 credibile
457 3276 599 3359 videtur3
622 3296 698 3341 nam
714 3275 804 3340 nullo
820 3275 916 3340 modo
936 3276 1147 3350 demonstrari
1164 3285 1269 3362 potest
1284 3298 1319 3344 re
1335 3299 1414 3345 vera

294 3394 379 3442 casus
411 3373 559 3440 notiones
592 3374 711 3439 locales
746 3374 824 3439 satis
857 3373 940 3439 inter
972 3384 1022 3440 se¹
1040 3375 1206 3442 distinctas
1240 3377 1412 3444 continere.

294 3471 379 3551 Quae
401 3491 472 3537 cum
494 3471 540 3536 ita
562 3471 641 3553 sint,
671 3470 878 3536 novissimum
905 3471 997 3537 illum
1026 3475 1298 3559 praepositionum
1321 3494 1414 3540 usum

296 3574 374 3636 recte
396 3570 443 3634 ita
465 3569 714 3652 explicabimus,
736 3575 771 3634 ut
793 3587 886 3634 casus
907 3571 1070 3635 nominum
1094 3591 1198 3654 neque
1220 3571 1281 3637 soli
1302 3573 1413 3653 verbo,

297 3686 393 3750 neque
408 3664 649 3750 praepositioni,
672 3665 730 3731 sed
752 3666 857 3748 potius
877 3666 999 3732 notioni
1014 3667 1104 3734 verbi
1120 3668 1286 3752 compositi
1304 3668 1414 3733 deberi

295 3765 515 3840 censeamus2).

374 3862 445 3927 Iam
478 3861 505 3927 si
536 3860 733 3943 quaerimus,
770 3879 833 3941 qua
862 3860 986 3925 ratione
1014 3859 1141 3925 adiecta
1176 3858 1414 3943 praepositione

298 3958 377 4026 notio
399 3958 554 4042 simplicis
569 3957 658 4024 verbi
681 3962 890 4040 temperetur,
915 3976 955 4022 ex
977 3957 1048 4040 ipsa
1070 3961 1185 4020 natura
1206 3956 1415 4040 praepositio-

300 4074 367 4121 num
389 4062 525 4140 apparet
547 4055 710 4120 notionem
725 4052 813 4117 verbi
835 4052 989 4134 simplicis
1010 4052 1188 4117 accuratius
1209 4052 1275 4118 illis
1290 4051 1415 4118 definiri

300 4205 494 4221 *-

361 4275 380 4339 ²)
399 4273 438 4328 Gi.
459 4273 527 4340 Rara,
546 4273 587 4327 De
605 4287 730 4343 praepos.
749 4268 824 4341 παρά
843 4270 918 4324 Strui.
936 4269 983 4336 ΙΙΙ,
1002 4285 1027 4337 p.
1046 4271 1129 4337 csqq.
