3442 5359
323 743 382 808 130
840 749 939 804 Funck

319 912 450 1008 proprie
482 920 562 987 nihil
595 920 685 987 aliud
725 921 885 1004 significat
918 922 978 987 uisi
1012 941 1133 1005 „prope
1165 923 1334 1005 aliquem“,
1363 922 1420 987 iulo

320 1029 436 1100 autem,
460 1040 540 1100 cum,
565 1020 617 1102 qui
633 1019 675 1084 ad
691 1020 830 1102 aliquem
848 1019 992 1100 accedat,
1015 1039 1113 1103 saepe
1136 1027 1227 1104 post
1249 1040 1320 1087 eum
1333 1020 1425 1094 vadat·

320 1120 457 1184 localem
479 1119 643 1183 notionem
673 1117 766 1182 huius
789 1117 935 1183 adverbii
963 1117 1076 1200 recipit
1104 1138 1143 1184 ac
1164 1125 1325 1201 postremo
1344 1119 1419 1184 ctiam

319 1219 352 1283 in
368 1216 521 1300 temporis
536 1216 698 1280 notionem
721 1214 924 1280 transfertur:
950 1214 1062 1281 eodem
1084 1216 1179 1280 modo
1201 1214 1285 1296 μετά
1307 1237 1326 1282 a
1345 1215 1421 1298 signi·

319 1314 466 1380 ficatioue
488 1333 571 1396 quae
594 1321 642 1379 cst
665 1312 739 1393 „ad,
763 1317 885 1396 prope“
906 1312 948 1377 ad
972 1313 1135 1379 notionem
1151 1314 1259 1379 Latini
1279 1323 1350 1398 post
1366 1331 1420 1396 per·

318 1413 415 1494 venit,
440 1410 524 1493 quod
548 1417 580 1476 et
600 1410 705 1494 ipsum
729 1418 760 1476 et
782 1410 910 1498 deloco
933 1417 1030 1493 atque
1052 1411 1165 1478 ordine
1187 1419 1220 1478 et
1242 1411 1284 1480 de
1300 1418 1419 1495 tempore

318 1510 441 1576 dicitur.
487 1510 534 1574 Ac
563 1507 617 1573 diu
639 1509 703 1573 iam
727 1509 930 1573 observatum
954 1515 1003 1574 est
1024 1509 1111 1592 apud
1135 1509 1309 1576 Homerum
1330 1527 1418 1574 vocem

317 1606 415 1689 μετά,
445 1627 516 1678 cum
539 1626 778 1688 nonnumquam
802 1624 896 1684 sane,
920 1605 977 1671 sed
999 1606 1196 1690 inaequabili
1219 1606 1418 1690 persingulas

317 1705 492 1771 carminum
521 1710 629 1787 partes
656 1723 732 1768 usus
764 1703 945 1786 frequentia
976 1703 1026 1781 (cf.
1056 1705 1234 1771 Mommsen
1264 1726 1295 1788 p.
1317 1707 1364 1780 29)
1386 1701 1417 1766 de

316 1805 386 1869 loco
409 1823 467 1869 seu
491 1799 604 1868 ordine
626 1807 779 1884 usurpata
801 1800 842 1866 sit
866 1807 905 1879 (e.
929 1821 955 1867 c.
988 1801 1006 1880 ζ
1026 1806 1087 1867 260
1110 1799 1221 1887 τόφρα
1253 1799 1311 1866 σὺν
1332 1795 1415 1884 ἀρηι-

316 1899 455 1965 ττόλοιοι
484 1891 566 1977 μεθ’
597 1893 754 1981 ἡμιόνους
779 1896 834 1963 καὶ
864 1895 993 1980 ἄμαξαν
1024 1950 1031 1964 .
1055 1950 1063 1964 .
1094 1895 1270 1981 leprosae
1299 1904 1332 1963 Ν
1355 1900 1416 1976 lca

315 2003 425 2062 1140:
450 1994 489 2060 οἵ
507 2019 543 2060 κε
564 1988 637 2077 μετ’
661 1991 810 2081 Ἀργείην
830 1990 956 2080 Ἑλένην
980 1995 1153 2062 κάλλισται
1176 1993 1306 2081 ἔωσιν),
1327 2002 1415 2063 contra

315 2115 349 2160 re
372 2114 448 2160 vera
477 2092 517 2160 de
546 2094 614 2159 solo
637 2100 779 2177 tempore
802 2095 856 2159 vix
886 2116 1027 2177 unquam
1057 2096 1281 2178 accipiendam
1311 2113 1372 2162 esse
1392 2096 1415 2154 et

315 2193 420 2276 potius
442 2191 588 2258 similiter
609 2211 647 2255 ae
669 2199 810 2257 nostrum
834 2192 1012 2255 linter-leco·
1041 2212 1098 2277 per
1119 2188 1292 2277 imaginem
1313 2197 1413 2259 tantun

315 2289 356 2355 de
389 2297 533 2373 tempore
565 2296 751 2372 usurpatam
785 2309 856 2355 esse
888 2290 938 2366 (cl.
970 2291 1146 2357 Mommsen
1180 2313 1212 2375 p.
1244 2295 1305 2370 29).
1352 2287 1412 2354 sm

314 2396 420 2453 autem
450 2387 529 2452 haec
556 2406 607 2453 res
637 2388 750 2452 summi
780 2389 932 2452 momenti
956 2388 1013 2469 sit,
1040 2389 1063 2452 ii
1092 2389 1155 2454 loci
1178 2388 1347 2470 Homerici,
1371 2381 1411 2466 qui

313 2485 457 2568 proxime
479 2485 636 2551 accedunt
665 2485 707 2549 ad
730 2486 856 2551 Atticae
879 2486 994 2552 aetatis
1016 2508 1107 2551 usum
1130 2488 1349 2571 temporalem,
1372 2479 1412 2546 hie

311 2584 467 2650 afferendi
496 2590 577 2649 sunt.
623 2585 670 2647 Ae
698 2581 833 2665 primum
863 2582 991 2664 quidem
1019 2584 1176 2650 habemus
1207 2584 1287 2650 duos
1312 2597 1410 2654 versu,

310 2680 343 2744 in
373 2681 487 2763 quibus
515 2678 598 2762 μετά
626 2700 696 2746 cum
720 2681 903 2745 accusativo
926 2681 1108 2764 copulatum
1135 2682 1248 2748 eodem
1272 2681 1357 2747 modo
1380 2674 1410 2738 de

248 2809 250 2812 ·
311 2779 512 2845 successione
542 2786 590 2844 est
621 2777 754 2860 dictum,
785 2798 846 2860 quo
875 2779 909 2843 in
938 2779 1091 2862 proximis
1120 2775 1180 2844 ἐπί
1208 2799 1279 2845 cum
1307 2776 1409 2852 dative
1458 2808 1460 2817 =

310 2884 383 2940 sunt
404 2884 512 2942 autem
534 2877 597 2941 loci
620 2876 670 2940 hi:

312 2995 346 3056 Ψ
366 2998 427 3059 354
569 2991 653 3075 μετὰ
675 2989 731 3057 τὸν
755 2985 787 3056 δ’
813 2990 907 3074 ἐ’λαχε
929 3000 1044 3078 κρείων
1066 2991 1228 3080 Εὔμηλος,

443 3098 490 3176 τη]
514 3085 545 3155 δ’
572 3084 627 3175 ἄρ’
654 3086 712 3156 ἐπ’
732 3082 903 3176 Ἀτρείδης
927 3089 1148 3174 δουρικλειτὸς
1170 3093 1348 3170 Μενέλαος,

444 3192 487 3272 τῷ
512 3182 544 3253 δ’
570 3187 627 3253 int
649 3186 824 3274 Μηριόνης
847 3186 922 3270 λάχ)
949 3188 1138 3270 ἐλαυνέμεν
1190 3213 1193 3217 ’

309 3289 338 3350 Θ
361 3291 419 3352 261
445 3286 502 3351 τὸν
526 3286 561 3350 δὲ
583 3282 657 3365 μετ’
678 3283 846 3369 Ἀτρεῖδαι
863 3285 1076 3371 Ἀγαμέμνων
1098 3289 1151 3353 καὶ
1175 3289 1354 3366 Μενέλαος,

441 3393 531 3448 τοῖσι
558 3381 591 3446 ὁ)
616 3377 672 3476 ἐντ’
697 3385 844 3463 Αἴαντες
868 3388 987 3466 θοῦριν
1011 3383 1197 3466 ἐπιειμένοι
1220 3381 1326 3471 ἀλκήν,

439 3486 529 3546 τοῖσι
553 3475 583 3544 δ’
611 3477 668 3546 ἐντ’
689 3477 866 3565 Ἰδομενεὺς
888 3483 952 3549 sci.

390 3615 518 3680 Similes
553 3615 671 3681 deinde
704 3616 792 3682 hisce
825 3624 899 3682 sunt
930 3617 992 3681 loci
1026 3617 1135 3699 pauci,
1176 3618 1230 3699 qui
1264 3615 1410 3701 Odysseae

303 3712 385 3778 libro
409 3712 428 3774 l
450 3714 664 3796 reperiuntur:
695 3717 757 3778 260
786 3713 845 3800 τὴν
870 3712 906 3779 δὲ
933 3710 1007 3794 μετ’
1027 3707 1211 3800 Ἀντιόπην
1235 3712 1323 3792 ἰ’δον,
1352 3712 1409 3787 266,

304 3814 382 3892 305,
406 3811 521 3894 quibus
536 3812 701 3877 ‘accedunt
723 3813 874 3894 exempla
896 3812 1005 3895 paullo
1027 3812 1132 3878 minus
1155 3819 1258 3879 certa:
1421 3817 1426 3825 ’

301 3933 331 3992 Ρ
349 3933 411 3996 268
435 3931 569 4010 πρῶτος
598 3927 631 3994 δ’
663 3923 774 4005 ἀντίος
803 3917 889 4016 ἦλθε
913 3929 1027 4008 (Αἴας)
1057 3932 1147 3996 θεῶν
1171 3926 1234 3996 ἀνὰ
1258 3931 1408 4017 δηιοτῆτα,

435 4025 492 4090 τὸν
517 4027 552 4092 δὲ
574 4021 647 4108 μετ’
670 4021 847 4108 Ἰδομενεύς
870 4028 923 4092 καὶ
948 4023 1065 4093 ὀπάων
1084 4021 1269 4116 Ἰδομενῆος
1291 4026 1359 4109 κτὲ;

303 4148 328 4208 φ
355 4129 413 4191 196
437 4122 471 4190 ἐκ
494 4118 526 4187 δ’
558 4118 658 4202 αὐτὸς
686 4121 769 4207 μετὰ
791 4123 869 4200 τοὺς
894 4123 996 4206 δόμον
1019 4122 1125 4209 ἤλυθε
1149 4126 1221 4203 δῖος
1239 4117 1407 4196 Ὀδυσσεύς.

385 4244 423 4308 ln
446 4245 593 4311 omnibus
615 4246 703 4311 hisce
727 4253 860 4329 excepto
883 4246 985 4329 primo
1008 4247 1088 4329 loco,
1112 4247 1166 4311 ubi
1189 4248 1244 4312 vix
1268 4247 1308 4315 de
1329 4238 1407 4311 locali

300 4341 549 4423 praepositionis
578 4338 661 4422 μετά
691 4344 722 4407 vi
752 4343 894 4425 cogitare
923 4343 1012 4427 licet,
1047 4351 1154 4427 potest
1181 4365 1261 4413 sane
1291 4357 1407 4429 praepo
