3442 5359
363 745 426 806 134
885 742 983 797 Funelr

452 918 577 987 Deinde
603 920 664 983 huo
693 918 857 1003 pertinent
883 920 1168 996 μεθίσταμαι,
1199 917 1228 977 E
1256 919 1319 979 514
1347 913 1486 991 Αἰνείας

362 1011 398 1081 δ’
436 1015 585 1099 ἑτάροισι
617 1019 821 1095 μεθίστατο,
855 1022 887 1081 et
921 1011 1191 1096 μετέρχομαι,
1226 1011 1258 1080 Ξ
1283 1016 1347 1078 334
1375 1017 1486 1078 θεοῖσι

363 1115 401 1180 δὲ
427 1116 514 1179 ττᾶσι
541 1109 730 1193 μετελθών,
765 1117 804 1176 Π
829 1117 907 1191 487,
937 1137 958 1176 α
988 1115 1065 1193 134,
1095 1110 1213 1191 ζ222,
1246 1111 1335 1194 quod
1362 1111 1487 1193 quidem

364 1214 495 1281 verbum
520 1212 643 1278 duobus
664 1211 894 1295 posterioribus
922 1211 1002 1276 loeis
1024 1208 1182 1292 signifieat
1211 1209 1357 1285 ,versari
1377 1210 1486 1303 interl,

363 1311 521 1395 prioribus
543 1317 650 1376 autem
665 1329 768 1393 aeque
790 1330 828 1375 ao
842 1304 1052 1388 μεθίσταμαι
1073 1306 1155 1372 illud
1169 1307 1336 1373 notionem
1351 1305 1488 1372 abeundi

364 1411 448 1474 iuter
469 1409 551 1473 alios
565 1408 618 1472 vel
642 1407 816 1474 accedendi
832 1407 955 1490 'habet3
979 1405 1108 1470 dativus
1129 1405 1181 1470 hio
1196 1404 1293 1471 simili
1316 1404 1415 1471 modo
1436 1415 1488 1489 per

364 1505 530 1590 prolepsin
552 1505 676 1588 positus
698 1524 770 1570 esse
791 1505 918 1569 videtur
940 1512 1036 1586 atque
1057 1526 1076 1582 χ
1098 1506 1171 1583 221,
1198 1502 1254 1569 ubi
1275 1503 1397 1585 legitur
1418 1501 1487 1586 κτή-

364 1628 452 1685 ματα
477 1653 483 1666 .
509 1651 515 1666 .
540 1652 546 1665 .
570 1613 678 1667 τοῖσιν
700 1597 879 1688 Ὀδυσσῆος
901 1601 1132 1682 μεταμίξομεν,
1155 1620 1226 1666 eum
1247 1606 1487 1682 μεταμίσγω

364 1701 583 1784 coniungitur,
618 1700 657 1765 ef.
689 1702 785 1765 etiam
813 1725 832 1765 κ
860 1704 922 1766 204
952 1696 1051 1780 ἀρχὸν
1079 1698 1115 1762 δὲ
1143 1689 1217 1777 μετ’
1249 1689 1488 1783 ἀμφοτέροισιν

365 1794 502 1864 ὄπασσα
531 1798 720 1874 (Mommsen
749 1819 780 1881 p.
804 1802 874 1879 32);
903 1797 1046 1879 alioquin
1075 1797 1172 1862 etiam
1205 1794 1294 1878 apud
1316 1796 1487 1862 Homerum

364 1918 436 1963 oum
464 1896 645 1962 accusativo
674 1896 813 1962 sociatur
842 1896 928 1962 idem
956 1900 1169 1975 μετέρχομαι,
1199 1893 1254 1958 ubi
1283 1913 1351 1958 non
1382 1895 1489 1977 „abire

363 1995 446 2060 inter
455 1998 478 2075 “,
508 1992 565 2059 sed
588 1999 712 2056 tantum
742 1995 937 2070 „secedere“
966 1991 1139 2075 signifieat,
1170 1990 1211 2057 de
1234 2010 1296 2075 quo
1320 2011 1382 2059 usu
1410 1993 1489 2058 inira

361 2091 509 2164 dieamb.
557 2091 682 2155 Nomen
712 2111 836 2174 quoque
866 2113 962 2157 unum
992 2090 1202 2174 compositum
1230 2089 1400 2172 aptissime
1431 2091 1489 2156 huo

364 2188 557 2254 trahendum
580 2206 651 2254 esse
674 2188 815 2272 videtur,
838 2189 1099 2272 μετανάστης
1121 2191 1150 2263 (l
1172 2189 1250 2269 6483
1274 2190 1313 2250 II
1333 2191 1392 2272 593
1415 2189 1488 2254 Hdt.

366 2286 429 2350 VII
454 2288 576 2366 161)¹⁰),
605 2306 663 2368 pro
686 2306 748 2367 quo
771 2287 845 2353 Hes
870 2289 991 2370 Theog.
1015 2291 1074 2351 401
1100 2289 1315 2365 perorassem
1345 2286 1388 2350 ab
1413 2287 1489 2358 eins:

362 2386 438 2451 dem
473 2385 580 2468 stirpis
608 2384 710 2449 forma
743 2386 899 2467 ampliore
929 2386 1107 2452 derivatum
1135 2385 1268 2468 legitur,
1302 2407 1376 2453 enm
1406 2390 1487 2456 enim

363 2503 484 2548 nomen
512 2483 593 2547 illud
627 2503 647 2547 a
675 2483 774 2548 verbo
803 2483 943 2566 quodam
972 2486 1183 2569 supponendo
1220 2485 1417 2568 *μεταναίιι
1451 2488 1489 2553 sit

365 2579 511 2661 ductum,
540 2602 605 2646 non
634 2580 728 2646 aliter
750 2588 846 2664 atque
868 2581 1036 2662 μέτοικος,
1068 2581 1108 2649 de
1131 2604 1194 2666 qua
1215 2605 1295 2651 vooe
1324 2585 1411 2650 infra
1438 2584 1490 2650 de·

364 2678 609 2759 monstrabitur,
638 2697 710 2744 eum
732 2679 905 2761 signifieat,
935 2681 989 2762 qui
1011 2700 1082 2745 oum
1104 2682 1178 2747 aliis
1198 2682 1232 2747 in
1264 2680 1359 2748 domo
1383 2685 1489 2750 aliena

365 2776 490 2842 habitat
512 2776 621 2858 itaque
642 2775 748 2841 minus
769 2776 942 2842 honoratur
957 2798 1051 2860 quam
1069 2779 1244 2845 nobiliores
1266 2775 1485 2863 αὖτόχθονες;

363 2873 451 2956 apud
472 2874 642 2956 scriptores
664 2872 793 2941 infimae
814 2875 1006 2941 Graecitatis
1028 2877 1086 2941 illa
1108 2897 1171 2940 vox
1193 2877 1292 2951 (Man.
1315 2879 1359 2956 ΙΙ,
1376 2883 1439 2945 420
1460 2899 1485 2945 o.

363 2975 449 3054 gen.)
479 2981 511 3039 et
533 2993 604 3059 eae,
635 2993 718 3057 quae
739 2973 792 3037 vel
815 2973 857 3038 ab
885 2973 957 3056 ipsa
979 2993 1017 3039 ea
1039 2976 1092 3039 vel
1118 2975 1158 3039 ab
1190 2975 1258 3040 eius
1281 2977 1382 3061 stirpe
1409 2978 1486 3044 deri·

363 3076 495 3153 vantur,
533 3069 750 3152 paraeneseos
782 3072 902 3142 (Noun.
937 3070 1022 3137 dion.
1059 3072 1091 3148 Ι,
1127 3077 1215 3155 110),
1251 3074 1484 3159 μετανάστρια,

362 3166 609 3248 μεταναστεύω,
646 3170 810 3235 notionem
844 3169 1094 3252 transmigrandi
1122 3172 1177 3235 vel
1204 3170 1310 3236 loeum
1343 3171 1486 3239 mutandi

364 3264 534 3347 exhibent,
565 3267 617 3348 qul
640 3288 716 3333 usus
739 3286 779 3332 ex
801 3267 954 3348 analogia
968 3268 1059 3333 verbi
1080 3271 1239 3348 μετοικέω
1263 3270 1313 3347 (of.
1336 3276 1486 3355 μετοίκη·

363 3382 416 3437 σις
455 3362 538 3428 Plat.
581 3365 642 3447 Ap.
682 3384 713 3447 p.
746 3369 786 3429 40
804 3363 838 3445 O)
880 3371 967 3430 ortus
1007 3384 1079 3432 esse
1119 3364 1247 3432 videtur
1282 3367 1372 3439 (vide
1405 3370 1485 3436 infra

362 3461 452 3542 §lb
488 3481 564 3526 nam
591 3461 626 3525 in
655 3461 867 3543 antiquiorem
895 3463 986 3527 verbi
1013 3461 1277 3548 μετανάστης
1303 3467 1486 3533 usum·illa

363 3556 552 3639 significatio
578 3559 683 3624 minus
711 3559 848 3642 quadrat
855 3608 863 3641 ,
893 3561 1082 3642 praesertim
1110 3580 1181 3626 oum
1207 3562 1287 3627 satis
1307 3564 1486 3648 singularis

362 3654 457 3736 illins,
481 3674 576 3738 quam
605 3655 706 3736 μετά
726 3658 841 3721 vocula
864 3658 896 3722 in
918 3662 1085 3737 μετοικί
1093 3682 1119 3721 ω
1141 3658 1250 3741 habet,
1273 3660 1415 3728 notionis
1436 3681 1486 3729 ve-

362 3752 457 3835 stigia
479 3754 658 3836 antiquiore
680 3762 824 3838 tempore
846 3756 1048 3822 inveniamus
1070 3756 1170 3821 nulla.
1345 3749 1347 3751 ’

440 3937 460 4002 ⁹)
479 3936 605 3992 Dativum
622 3938 667 3988 τοί
690 3957 704 3989 τ
723 3943 769 3992 24:
800 3940 841 3996 τίς
859 3958 903 3991 τοι
920 3937 1013 3993 ἔπειτα
1030 3941 1211 4011 μετοιχομένη
1231 3941 1305 4010 φάος
1324 3938 1404 4004 οἴσει,
1423 3959 1483 4010 non,

363 4017 436 4084 quod
452 4019 557 4087 putavit
566 4017 677 4074 Rostius
697 4020 759 4086 (lex.
778 4020 853 4075 Hom.
863 4036 886 4075 s.
897 4037 920 4074 v.
937 4021 1121 4091 μετοίχιμαι),
1139 4022 1257 4091 pendere
1275 4024 1484 4094 everbopsror·

359 4098 474 4166 χυμένη,
491 4098 539 4152 sed
556 4099 675 4154 ἀμείνοσι
685 4100 818 4156 commodi
830 4102 985 4170 appositum
999 4102 1087 4156 verbis
1099 4101 1172 4171 φάος
1188 4099 1257 4156 οἴσει
1275 4119 1337 4158 esse
1353 4106 1414 4161 iure
1429 4121 1483 4160 mo·

361 4178 422 4232 nuit
431 4178 614 4234 Mommsenus
625 4185 660 4250 (p.
672 4186 727 4248 35);
745 4182 799 4236 iam
812 4182 943 4251 singulari
957 4198 1068 4239 numero
1083 4184 1128 4234 τοτ’
1140 4183 1273 4238 refellitur
1284 4184 1332 4239 illa
1343 4186 1482 4241 sententia.

433 4260 463 4323 ¹⁰)
482 4258 522 4392 th.
541 4259 711 4316 Schoemann
731 4262 776 4317 Gr.
796 4263 910 4317 Alterth.
929 4263 962 4329 1³,
974 4268 1015 4328 42,
1035 4264 1083 4318 ubi
1100 4267 1165 4334 apte
1182 4268 1304 4320 nostrum
1324 4265 1483 4329 ,Romaest

364 4352 491 4407 compara
504 4355 545 4393 ur.
