<?xml version="1.0" encoding="UTF-8"?>
<!DOCTYPE html PUBLIC "-//W3C//DTD XHTML 1.0 Transitional//EN"
    "http://www.w3.org/TR/xhtml1/DTD/xhtml1-transitional.dtd">
<html xmlns="http://www.w3.org/1999/xhtml" xml:lang="en" lang="en">
 <head>
  <title>
</title>
<meta http-equiv="Content-Type" content="text/html;charset=utf-8" />
  <meta name='ocr-system' content='tesseract 3.04.00' />
  <meta name='ocr-capabilities' content='ocr_page ocr_carea ocr_par ocr_line ocrx_word'/>
</head>
<body>
  <div class='ocr_page' id='page_1' title='image "./studienzurgriec01curtgoog_0146.png"; bbox 0 0 3442 5359; ppageno 0'>
   <div class='ocr_carea' id='block_1_1' title="bbox 372 641 993 745">
    <p class='ocr_par' dir='ltr' id='par_1_1' title="bbox 372 641 993 745">
     <span class='ocr_line' id='line_1_1' title="bbox 372 641 993 745; baseline -0.014 0"><span class='ocrx_word' id='word_1_1' title='bbox 372 683 433 745; x_wconf 88' lang='grc'><strong>136</strong></span> <span class='ocrx_word' id='word_1_2' title='bbox 890 641 993 737; x_wconf 87' lang='lat' dir='ltr'><strong>Funok&#39;</strong></span> 
     </span>
    </p>
   </div>
   <div class='ocr_carea' id='block_1_2' title="bbox 370 853 1538 2794">
    <p class='ocr_par' dir='ltr' id='par_1_2' title="bbox 370 853 1538 2202">
     <span class='ocr_line' id='line_1_2' title="bbox 370 853 1489 945; baseline -0.002 -22"><span class='ocrx_word' id='word_1_3' title='bbox 370 863 400 923; x_wconf 91' lang='grc' dir='ltr'><em>Ρ</em></span> <span class='ocrx_word' id='word_1_4' title='bbox 419 861 481 925; x_wconf 82' lang='grc'><strong>539</strong></span> <span class='ocrx_word' id='word_1_5' title='bbox 504 859 563 945; x_wconf 80' lang='grc' dir='ltr'><strong>κῆρ</strong></span> <span class='ocrx_word' id='word_1_6' title='bbox 588 853 683 936; x_wconf 75' lang='grc' dir='ltr'><em>ἄχεος</em></span> <span class='ocrx_word' id='word_1_7' title='bbox 705 859 869 939; x_wconf 81' lang='grc' dir='ltr'><em>μεθέηκα,</em></span> <span class='ocrx_word' id='word_1_8' title='bbox 900 877 962 938; x_wconf 95' lang='lat' dir='ltr'><strong>quo</strong></span> <span class='ocrx_word' id='word_1_9' title='bbox 987 876 1057 921; x_wconf 89' lang='lat' dir='ltr'><strong>cum</strong></span> <span class='ocrx_word' id='word_1_10' title='bbox 1081 857 1151 921; x_wconf 94' lang='lat' dir='ltr'><strong>loco</strong></span> <span class='ocrx_word' id='word_1_11' title='bbox 1174 855 1321 921; x_wconf 82' lang='lat' dir='ltr'><strong>conferas</strong></span> <span class='ocrx_word' id='word_1_12' title='bbox 1342 855 1417 919; x_wconf 79' lang='lat' dir='ltr'><strong>Eur.</strong></span> <span class='ocrx_word' id='word_1_13' title='bbox 1440 855 1489 922; x_wconf 87' lang='lat' dir='ltr'><strong>Or.</strong></span> 
     </span>
     <span class='ocr_line' id='line_1_3' title="bbox 374 947 1489 1040; baseline -0.005 -18"><span class='ocrx_word' id='word_1_14' title='bbox 374 962 451 1022; x_wconf 79' lang='lat'>1671</span> <span class='ocrx_word' id='word_1_15' title='bbox 478 957 619 1038; x_wconf 81' lang='grc' dir='ltr'><em>μεθίημ’</em></span> <span class='ocrx_word' id='word_1_16' title='bbox 649 950 822 1038; x_wconf 73' lang='grc' dir='ltr'><em>Ἑρμιόνην</em></span> <span class='ocrx_word' id='word_1_17' title='bbox 851 947 920 1018; x_wconf 76' lang='grc' dir='ltr'><strong>ἀπὸ</strong></span> <span class='ocrx_word' id='word_1_18' title='bbox 946 955 1085 1040; x_wconf 75' lang='grc' dir='ltr'><em>σφαγῆς·</em></span> <span class='ocrx_word' id='word_1_19' title='bbox 1130 953 1229 1018; x_wconf 87' lang='lat' dir='ltr'><strong>Porro</strong></span> <span class='ocrx_word' id='word_1_20' title='bbox 1252 961 1359 1018; x_wconf 82' lang='lat' dir='ltr'><strong>autem</strong></span> <span class='ocrx_word' id='word_1_21' title='bbox 1383 951 1489 1018; x_wconf 84' lang='lat' dir='ltr'><strong>eodem</strong></span> 
     </span>
     <span class='ocr_line' id='line_1_4' title="bbox 371 1051 1491 1136; baseline -0.004 -16"><span class='ocrx_word' id='word_1_22' title='bbox 371 1054 466 1120; x_wconf 91' lang='lat' dir='ltr'><strong>modo</strong></span> <span class='ocrx_word' id='word_1_23' title='bbox 492 1074 553 1136; x_wconf 92' lang='lat' dir='ltr'><strong>quo</strong></span> <span class='ocrx_word' id='word_1_24' title='bbox 575 1073 635 1118; x_wconf 92' lang='lat' dir='ltr'><strong>nos</strong></span> <span class='ocrx_word' id='word_1_25' title='bbox 657 1051 790 1117; x_wconf 79' lang='lat' dir='ltr'><strong>dicimus</strong></span> <span class='ocrx_word' id='word_1_26' title='bbox 806 1073 833 1116; x_wconf 91' lang='grc' dir='ltr'><em>ο.</em></span> <span class='ocrx_word' id='word_1_27' title='bbox 850 1062 916 1114; x_wconf 80' lang='lat' dir='ltr'><strong>eru.</strong></span> <span class='ocrx_word' id='word_1_28' title='bbox 935 1053 1093 1126; x_wconf 78' lang='grc' dir='ltr'><em>ίοείοεεεη,</em></span> <span class='ocrx_word' id='word_1_29' title='bbox 1115 1055 1259 1136; x_wconf 77' lang='grc' dir='ltr'><em>μεθίημι</em></span> <span class='ocrx_word' id='word_1_30' title='bbox 1274 1051 1406 1116; x_wconf 87' lang='lat' dir='ltr'><strong>verbum</strong></span> <span class='ocrx_word' id='word_1_31' title='bbox 1429 1069 1491 1116; x_wconf 80' lang='lat' dir='ltr'><strong>sae·</strong></span> 
     </span>
     <span class='ocr_line' id='line_1_5' title="bbox 371 1148 1538 1238; baseline -0.005 -20"><span class='ocrx_word' id='word_1_32' title='bbox 371 1153 503 1238; x_wconf 79' lang='lat' dir='ltr'>pissime</span> <span class='ocrx_word' id='word_1_33' title='bbox 524 1171 593 1217; x_wconf 89' lang='lat' dir='ltr'><strong>curn</strong></span> <span class='ocrx_word' id='word_1_34' title='bbox 623 1150 773 1233; x_wconf 87' lang='lat' dir='ltr'><strong>genetivo</strong></span> <span class='ocrx_word' id='word_1_35' title='bbox 797 1150 931 1215; x_wconf 86' lang='lat' dir='ltr'><strong>ablativi</strong></span> <span class='ocrx_word' id='word_1_36' title='bbox 962 1169 1093 1215; x_wconf 86' lang='lat' dir='ltr'><strong>munere</strong></span> <span class='ocrx_word' id='word_1_37' title='bbox 1119 1149 1274 1232; x_wconf 81' lang='lat' dir='ltr'><strong>fungente</strong></span> <span class='ocrx_word' id='word_1_38' title='bbox 1297 1148 1493 1231; x_wconf 86' lang='lat' dir='ltr'><strong>coniungitur</strong></span> <span class='ocrx_word' id='word_1_39' title='bbox 1536 1224 1538 1229; x_wconf 67' lang='lat'><strong>,</strong></span> 
     </span>
     <span class='ocr_line' id='line_1_6' title="bbox 370 1233 1492 1334; baseline -0.005 -18"><span class='ocrx_word' id='word_1_40' title='bbox 370 1251 443 1334; x_wconf 87' lang='lat' dir='ltr'><strong>ipsa</strong></span> <span class='ocrx_word' id='word_1_41' title='bbox 465 1250 523 1314; x_wconf 86' lang='lat' dir='ltr'><strong>illa</strong></span> <span class='ocrx_word' id='word_1_42' title='bbox 545 1247 705 1313; x_wconf 86' lang='lat' dir='ltr'><strong>sententia</strong></span> <span class='ocrx_word' id='word_1_43' title='bbox 726 1247 931 1326; x_wconf 90' lang='lat' dir='ltr'><strong>instructum,</strong></span> <span class='ocrx_word' id='word_1_44' title='bbox 962 1248 1049 1313; x_wconf 86' lang='lat' dir='ltr'><strong>velut</strong></span> <span class='ocrx_word' id='word_1_45' title='bbox 1071 1251 1115 1310; x_wconf 89' lang='lat' dir='ltr'><strong><em>M</em></strong></span> <span class='ocrx_word' id='word_1_46' title='bbox 1135 1250 1196 1312; x_wconf 84' lang='grc'><strong>409</strong></span> <span class='ocrx_word' id='word_1_47' title='bbox 1226 1252 1260 1309; x_wconf 85' lang='grc' dir='ltr'><strong>τί</strong></span> <span class='ocrx_word' id='word_1_48' title='bbox 1289 1239 1320 1310; x_wconf 55' lang='grc' dir='ltr'><strong>τ)</strong></span> <span class='ocrx_word' id='word_1_49' title='bbox 1346 1241 1402 1328; x_wconf 75' lang='grc' dir='ltr'><strong>ἄρ’</strong></span> <span class='ocrx_word' id='word_1_50' title='bbox 1434 1233 1492 1310; x_wconf 77' lang='grc' dir='ltr'><em>ὧδε</em></span> 
     </span>
     <span class='ocr_line' id='line_1_7' title="bbox 371 1339 1493 1430; baseline -0.003 -18"><span class='ocrx_word' id='word_1_51' title='bbox 371 1352 508 1429; x_wconf 76' lang='grc' dir='ltr'><em>μεθίετε</em></span> <span class='ocrx_word' id='word_1_52' title='bbox 531 1343 692 1425; x_wconf 80' lang='grc' dir='ltr'><em>θούριδος</em></span> <span class='ocrx_word' id='word_1_53' title='bbox 716 1339 834 1430; x_wconf 51' lang='lat' dir='ltr'><strong>diod&amp;</strong></span> <span class='ocrx_word' id='word_1_54' title='bbox 865 1349 900 1406; x_wconf 92' lang='grc' dir='ltr'><strong><em>Ν</em></strong></span> <span class='ocrx_word' id='word_1_55' title='bbox 923 1349 998 1428; x_wconf 84' lang='grc'><strong>116;</strong></span> <span class='ocrx_word' id='word_1_56' title='bbox 1027 1344 1114 1428; x_wconf 88' lang='lat' dir='ltr'><strong>apud</strong></span> <span class='ocrx_word' id='word_1_57' title='bbox 1137 1344 1324 1428; x_wconf 80' lang='lat' dir='ltr'>Euripidem</span> <span class='ocrx_word' id='word_1_58' title='bbox 1354 1344 1493 1425; x_wconf 87' lang='lat' dir='ltr'><strong>aliosque</strong></span> 
     </span>
     <span class='ocr_line' id='line_1_8' title="bbox 371 1440 1493 1530; baseline -0.006 -19"><span class='ocrx_word' id='word_1_59' title='bbox 371 1444 557 1530; x_wconf 89' lang='lat' dir='ltr'><strong>posterioris</strong></span> <span class='ocrx_word' id='word_1_60' title='bbox 586 1443 702 1507; x_wconf 85' lang='lat' dir='ltr'><strong>aetatis</strong></span> <span class='ocrx_word' id='word_1_61' title='bbox 725 1441 896 1525; x_wconf 77' lang='lat' dir='ltr'>scriptores</span> <span class='ocrx_word' id='word_1_62' title='bbox 919 1443 1014 1506; x_wconf 85' lang='lat' dir='ltr'><strong>etiam</strong></span> <span class='ocrx_word' id='word_1_63' title='bbox 1038 1441 1144 1508; x_wconf 89' lang='lat' dir='ltr'><strong>medio</strong></span> <span class='ocrx_word' id='word_1_64' title='bbox 1172 1461 1291 1524; x_wconf 89' lang='lat' dir='ltr'><strong>genere</strong></span> <span class='ocrx_word' id='word_1_65' title='bbox 1317 1440 1493 1518; x_wconf 78' lang='lat' dir='ltr'><strong>adhibetur,</strong></span> 
     </span>
     <span class='ocr_line' id='line_1_9' title="bbox 372 1536 1494 1624; baseline -0.004 -16"><span class='ocrx_word' id='word_1_66' title='bbox 372 1550 406 1608; x_wconf 88' lang='lat' dir='ltr'><strong>ut</strong></span> <span class='ocrx_word' id='word_1_67' title='bbox 428 1543 525 1624; x_wconf 84' lang='lat' dir='ltr'><strong>Hipp.</strong></span> <span class='ocrx_word' id='word_1_68' title='bbox 549 1543 610 1604; x_wconf 81' lang='lat'><strong>326</strong></span> <span class='ocrx_word' id='word_1_69' title='bbox 633 1541 685 1602; x_wconf 82' lang='lat' dir='ltr'><strong>rol</strong></span> <span class='ocrx_word' id='word_1_70' title='bbox 711 1538 778 1602; x_wconf 80' lang='grc' dir='ltr'><strong>οῶν</strong></span> <span class='ocrx_word' id='word_1_71' title='bbox 800 1561 835 1620; x_wconf 80' lang='grc' dir='ltr'><strong>με</strong></span> <span class='ocrx_word' id='word_1_72' title='bbox 857 1538 1005 1621; x_wconf 77' lang='grc' dir='ltr'><em>γονάτων</em></span> <span class='ocrx_word' id='word_1_73' title='bbox 1028 1536 1066 1602; x_wconf 81' lang='grc' dir='ltr'><em>οὐ</em></span> <span class='ocrx_word' id='word_1_74' title='bbox 1089 1538 1285 1620; x_wconf 83' lang='grc' dir='ltr'><em>μεθήσομαί</em></span> <span class='ocrx_word' id='word_1_75' title='bbox 1307 1560 1409 1622; x_wconf 77' lang='grc' dir='ltr'><em>ποτε;</em></span> <span class='ocrx_word' id='word_1_76' title='bbox 1439 1539 1494 1604; x_wconf 87' lang='lat' dir='ltr'><strong>He·</strong></span> 
     </span>
     <span class='ocr_line' id='line_1_10' title="bbox 372 1636 1495 1720; baseline -0.004 -16"><span class='ocrx_word' id='word_1_77' title='bbox 372 1641 447 1705; x_wconf 87' lang='lat' dir='ltr'><strong>racl.</strong></span> <span class='ocrx_word' id='word_1_78' title='bbox 464 1641 542 1719; x_wconf 78' lang='lat'><strong>2663</strong></span> <span class='ocrx_word' id='word_1_79' title='bbox 566 1637 642 1703; x_wconf 89' lang='lat' dir='ltr'><strong>Hec.</strong></span> <span class='ocrx_word' id='word_1_80' title='bbox 667 1642 745 1720; x_wconf 78' lang='lat'><strong>4003</strong></span> <span class='ocrx_word' id='word_1_81' title='bbox 770 1636 845 1701; x_wconf 92' lang='lat' dir='ltr'><strong>Her.</strong></span> <span class='ocrx_word' id='word_1_82' title='bbox 869 1637 890 1701; x_wconf 91' lang='lat' dir='ltr'><strong>i.</strong></span> <span class='ocrx_word' id='word_1_83' title='bbox 914 1640 986 1702; x_wconf 78' lang='lat'><strong>627.</strong></span> <span class='ocrx_word' id='word_1_84' title='bbox 1032 1637 1220 1703; x_wconf 86' lang='lat' dir='ltr'><strong>Derivatum</strong></span> <span class='ocrx_word' id='word_1_85' title='bbox 1242 1641 1351 1703; x_wconf 85' lang='lat' dir='ltr'><strong>autem</strong></span> <span class='ocrx_word' id='word_1_86' title='bbox 1374 1637 1418 1702; x_wconf 80' lang='lat' dir='ltr'><strong>ab</strong></span> <span class='ocrx_word' id='word_1_87' title='bbox 1440 1637 1495 1701; x_wconf 86' lang='lat' dir='ltr'><strong>hae</strong></span> 
     </span>
     <span class='ocr_line' id='line_1_11' title="bbox 372 1733 1495 1820; baseline -0.004 -19"><span class='ocrx_word' id='word_1_88' title='bbox 372 1738 472 1819; x_wconf 80' lang='lat' dir='ltr'><strong>stirpe</strong></span> <span class='ocrx_word' id='word_1_89' title='bbox 501 1735 692 1800; x_wconf 88' lang='lat' dir='ltr'><strong>adiectivum</strong></span> <span class='ocrx_word' id='word_1_90' title='bbox 723 1740 773 1799; x_wconf 92' lang='lat' dir='ltr'><strong>est</strong></span> <span class='ocrx_word' id='word_1_91' title='bbox 801 1733 964 1820; x_wconf 82' lang='grc' dir='ltr'><em>μεθήμων</em></span> <span class='ocrx_word' id='word_1_92' title='bbox 994 1736 1207 1819; x_wconf 89' lang='lat' dir='ltr'><strong>„neglegens,</strong></span> <span class='ocrx_word' id='word_1_93' title='bbox 1237 1735 1385 1815; x_wconf 87' lang='lat' dir='ltr'><strong>schlaff“,</strong></span> <span class='ocrx_word' id='word_1_94' title='bbox 1416 1733 1495 1816; x_wconf 87' lang='lat' dir='ltr'><strong>quod</strong></span> 
     </span>
     <span class='ocr_line' id='line_1_12' title="bbox 372 1831 1496 1916; baseline -0.006 -15"><span class='ocrx_word' id='word_1_95' title='bbox 372 1835 474 1901; x_wconf 86' lang='lat' dir='ltr'><strong>habes</strong></span> <span class='ocrx_word' id='word_1_96' title='bbox 490 1834 636 1899; x_wconf 86' lang='lat' dir='ltr'><strong>absolute</strong></span> <span class='ocrx_word' id='word_1_97' title='bbox 652 1832 790 1915; x_wconf 89' lang='lat' dir='ltr'><strong>positum</strong></span> <span class='ocrx_word' id='word_1_98' title='bbox 812 1834 843 1895; x_wconf 91' lang='lat' dir='ltr'><em>B</em></span> <span class='ocrx_word' id='word_1_99' title='bbox 860 1835 938 1909; x_wconf 78' lang='lat'><strong>2413</strong></span> <span class='ocrx_word' id='word_1_100' title='bbox 963 1831 981 1910; x_wconf 85' lang='grc' dir='ltr'>ζ</span> <span class='ocrx_word' id='word_1_101' title='bbox 995 1836 1045 1913; x_wconf 82' lang='lat'><strong>25,</strong></span> <span class='ocrx_word' id='word_1_102' title='bbox 1069 1833 1218 1915; x_wconf 87' lang='lat' dir='ltr'><strong>genetivo</strong></span> <span class='ocrx_word' id='word_1_103' title='bbox 1235 1831 1333 1916; x_wconf 80' lang='grc' dir='ltr'><em>λύρης</em></span> <span class='ocrx_word' id='word_1_104' title='bbox 1348 1831 1496 1897; x_wconf 85' lang='lat' dir='ltr'><strong>adiuncto</strong></span> 
     </span>
     <span class='ocr_line' id='line_1_13' title="bbox 371 1930 1496 2013; baseline -0.008 -14"><span class='ocrx_word' id='word_1_105' title='bbox 371 1934 403 1999; x_wconf 92' lang='lat' dir='ltr'><strong>in</strong></span> <span class='ocrx_word' id='word_1_106' title='bbox 427 1933 721 1997; x_wconf 85' lang='lat' dir='ltr'><strong>Anacreonteorum</strong></span> <span class='ocrx_word' id='word_1_107' title='bbox 745 1930 887 1994; x_wconf 82' lang='lat' dir='ltr'><strong>carmine</strong></span> <span class='ocrx_word' id='word_1_108' title='bbox 914 1935 964 2009; x_wconf 85' lang='lat'><strong>57,</strong></span> <span class='ocrx_word' id='word_1_109' title='bbox 992 1935 1039 1993; x_wconf 84' lang='lat'><strong>17.</strong></span> <span class='ocrx_word' id='word_1_110' title='bbox 1084 1930 1324 1995; x_wconf 87' lang='lat' dir='ltr'><strong>Substantivum</strong></span> <span class='ocrx_word' id='word_1_111' title='bbox 1348 1933 1496 2013; x_wconf 89' lang='grc' dir='ltr'><em>μεθημο-</em></span> 
     </span>
     <span class='ocr_line' id='line_1_14' title="bbox 373 2027 1497 2114; baseline -0.004 -21"><span class='ocrx_word' id='word_1_112' title='bbox 373 2028 452 2114; x_wconf 81' lang='grc' dir='ltr'><strong>τύνη</strong></span> <span class='ocrx_word' id='word_1_113' title='bbox 474 2029 589 2111; x_wconf 87' lang='lat' dir='ltr'><strong>legitur</strong></span> <span class='ocrx_word' id='word_1_114' title='bbox 612 2032 648 2089; x_wconf 88' lang='lat' dir='ltr'><em>N</em></span> <span class='ocrx_word' id='word_1_115' title='bbox 672 2029 745 2108; x_wconf 81' lang='lat'><strong>108,</strong></span> <span class='ocrx_word' id='word_1_116' title='bbox 772 2030 846 2109; x_wconf 77' lang='lat'><strong>1213</strong></span> <span class='ocrx_word' id='word_1_117' title='bbox 877 2034 1020 2091; x_wconf 84' lang='lat' dir='ltr'><strong>extrema</strong></span> <span class='ocrx_word' id='word_1_118' title='bbox 1042 2027 1225 2093; x_wconf 84' lang='lat' dir='ltr'><strong>Graecitate</strong></span> <span class='ocrx_word' id='word_1_119' title='bbox 1252 2027 1417 2092; x_wconf 91' lang='lat' dir='ltr'><strong>invenitur</strong></span> <span class='ocrx_word' id='word_1_120' title='bbox 1443 2030 1497 2107; x_wconf 80' lang='grc' dir='ltr'><em>μέ-</em></span> 
     </span>
     <span class='ocr_line' id='line_1_15' title="bbox 371 2131 1417 2202; baseline -0.005 -10"><span class='ocrx_word' id='word_1_121' title='bbox 371 2131 480 2202; x_wconf 66' lang='lat' dir='ltr'><strong>deese.</strong></span> <span class='ocrx_word' id='word_1_122' title='bbox 1415 2161 1417 2164; x_wconf 30' lang='grc' dir='ltr'><em>ν</em></span> 
     </span>
    </p>

    <p class='ocr_par' dir='ltr' id='par_1_3' title="bbox 372 2220 1498 2794">
     <span class='ocr_line' id='line_1_16' title="bbox 459 2220 1496 2304; baseline -0.002 -16"><span class='ocrx_word' id='word_1_123' title='bbox 459 2221 639 2304; x_wconf 83' lang='lat' dir='ltr'><strong>Singularis</strong></span> <span class='ocrx_word' id='word_1_124' title='bbox 668 2228 716 2286; x_wconf 92' lang='lat' dir='ltr'><strong>est</strong></span> <span class='ocrx_word' id='word_1_125' title='bbox 741 2220 830 2285; x_wconf 91' lang='lat' dir='ltr'><strong>verbi</strong></span> <span class='ocrx_word' id='word_1_126' title='bbox 860 2221 1016 2300; x_wconf 82' lang='grc' dir='ltr'><em>μεθελεῖν</em></span> <span class='ocrx_word' id='word_1_127' title='bbox 1046 2242 1137 2303; x_wconf 91' lang='lat' dir='ltr'><strong>usus,</strong></span> <span class='ocrx_word' id='word_1_128' title='bbox 1168 2222 1251 2304; x_wconf 88' lang='lat' dir='ltr'><strong>quod</strong></span> <span class='ocrx_word' id='word_1_129' title='bbox 1282 2243 1347 2286; x_wconf 94' lang='lat' dir='ltr'><strong>uno</strong></span> <span class='ocrx_word' id='word_1_130' title='bbox 1377 2227 1496 2287; x_wconf 88' lang='lat' dir='ltr'><strong>tantum</strong></span> 
     </span>
     <span class='ocr_line' id='line_1_17' title="bbox 372 2311 1497 2401; baseline -0.004 -15"><span class='ocrx_word' id='word_1_131' title='bbox 372 2322 443 2386; x_wconf 86' lang='lat' dir='ltr'><strong>leco</strong></span> <span class='ocrx_word' id='word_1_132' title='bbox 467 2325 573 2386; x_wconf 84' lang='lat' dir='ltr'><strong>exstat</strong></span> <span class='ocrx_word' id='word_1_133' title='bbox 588 2318 756 2383; x_wconf 84' lang='lat' dir='ltr'><strong>Homerico</strong></span> <span class='ocrx_word' id='word_1_134' title='bbox 774 2322 799 2381; x_wconf 84' lang='grc' dir='ltr'><em>θ</em></span> <span class='ocrx_word' id='word_1_135' title='bbox 816 2321 877 2382; x_wconf 84' lang='grc'><strong>376</strong></span> <span class='ocrx_word' id='word_1_136' title='bbox 901 2311 918 2380; x_wconf 86' lang='grc' dir='ltr'>ὁ</span> <span class='ocrx_word' id='word_1_137' title='bbox 938 2313 969 2380; x_wconf 86' lang='lat' dir='ltr'><strong>d&#39;</strong></span> <span class='ocrx_word' id='word_1_138' title='bbox 996 2315 1066 2384; x_wconf 74' lang='lat' dir='ltr'><strong>sind</strong></span> <span class='ocrx_word' id='word_1_139' title='bbox 1087 2318 1211 2401; x_wconf 86' lang='grc' dir='ltr'><em>χθονὸς</em></span> <span class='ocrx_word' id='word_1_140' title='bbox 1232 2313 1340 2398; x_wconf 73' lang='grc' dir='ltr'><em>ὕψοσ’</em></span> <span class='ocrx_word' id='word_1_141' title='bbox 1366 2313 1497 2400; x_wconf 80' lang='grc' dir='ltr'><em>ἀερθείς</em></span> 
     </span>
     <span class='ocr_line' id='line_1_18' title="bbox 375 2415 1497 2504; baseline 0 -22"><span class='ocrx_word' id='word_1_142' title='bbox 375 2419 509 2504; x_wconf 80' lang='grc' dir='ltr'><em>ῥηϊδίως</em></span> <span class='ocrx_word' id='word_1_143' title='bbox 537 2415 717 2499; x_wconf 79' lang='grc' dir='ltr'><em>μεθέλεσκε</em></span> <span class='ocrx_word' id='word_1_144' title='bbox 747 2421 800 2492; x_wconf 84' lang='lat' dir='ltr'><strong>(se.</strong></span> <span class='ocrx_word' id='word_1_145' title='bbox 832 2422 992 2499; x_wconf 79' lang='grc' dir='ltr'><em>σφαῖραν)</em></span> <span class='ocrx_word' id='word_1_146' title='bbox 1023 2418 1063 2484; x_wconf 88' lang='lat' dir='ltr'><strong>de</strong></span> <span class='ocrx_word' id='word_1_147' title='bbox 1093 2419 1161 2502; x_wconf 87' lang='lat' dir='ltr'><strong>pila</strong></span> <span class='ocrx_word' id='word_1_148' title='bbox 1190 2418 1383 2502; x_wconf 78' lang='lat' dir='ltr'><strong>excipienda</strong></span> <span class='ocrx_word' id='word_1_149' title='bbox 1411 2438 1497 2483; x_wconf 83' lang='lat' dir='ltr'><strong>usur·</strong></span> 
     </span>
     <span class='ocr_line' id='line_1_19' title="bbox 373 2513 1497 2601; baseline 0 -21"><span class='ocrx_word' id='word_1_150' title='bbox 373 2521 501 2601; x_wconf 78' lang='lat' dir='ltr'><strong>patum3</strong></span> <span class='ocrx_word' id='word_1_151' title='bbox 525 2513 682 2597; x_wconf 86' lang='lat' dir='ltr'><strong>signifieat</strong></span> <span class='ocrx_word' id='word_1_152' title='bbox 705 2514 788 2578; x_wconf 93' lang='lat' dir='ltr'><strong>enim</strong></span> <span class='ocrx_word' id='word_1_153' title='bbox 805 2514 1021 2597; x_wconf 83' lang='lat' dir='ltr'><strong>,suffangen“</strong></span> <span class='ocrx_word' id='word_1_154' title='bbox 1044 2521 1076 2581; x_wconf 90' lang='lat' dir='ltr'><strong>et</strong></span> <span class='ocrx_word' id='word_1_155' title='bbox 1091 2516 1217 2581; x_wconf 89' lang='lat' dir='ltr'><strong>videtur</strong></span> <span class='ocrx_word' id='word_1_156' title='bbox 1239 2515 1354 2582; x_wconf 88' lang='lat' dir='ltr'><strong>eadem</strong></span> <span class='ocrx_word' id='word_1_157' title='bbox 1377 2516 1497 2582; x_wconf 88' lang='lat' dir='ltr'><strong>ratione</strong></span> 
     </span>
     <span class='ocr_line' id='line_1_20' title="bbox 374 2612 1498 2696; baseline 0.001 -20"><span class='ocrx_word' id='word_1_158' title='bbox 374 2633 437 2694; x_wconf 88' lang='lat' dir='ltr'><strong>qua</strong></span> <span class='ocrx_word' id='word_1_159' title='bbox 458 2613 608 2677; x_wconf 87' lang='lat' dir='ltr'><strong>Latinum</strong></span> <span class='ocrx_word' id='word_1_160' title='bbox 638 2612 827 2695; x_wconf 78' lang='lat' dir='ltr'><strong>intercipere</strong></span> <span class='ocrx_word' id='word_1_161' title='bbox 857 2612 1086 2694; x_wconf 82' lang='lat' dir='ltr'><strong>explicandum</strong></span> <span class='ocrx_word' id='word_1_162' title='bbox 1116 2632 1203 2693; x_wconf 87' lang='lat' dir='ltr'><strong>esse,</strong></span> <span class='ocrx_word' id='word_1_163' title='bbox 1232 2613 1280 2679; x_wconf 86' lang='lat' dir='ltr'><strong>ita</strong></span> <span class='ocrx_word' id='word_1_164' title='bbox 1308 2613 1439 2696; x_wconf 89' lang='lat' dir='ltr'><strong>quidem</strong></span> <span class='ocrx_word' id='word_1_165' title='bbox 1466 2620 1498 2677; x_wconf 85' lang='lat' dir='ltr'><strong>nl</strong></span> 
     </span>
     <span class='ocr_line' id='line_1_21' title="bbox 373 2708 1237 2794; baseline 0.001 -20"><span class='ocrx_word' id='word_1_166' title='bbox 373 2717 469 2794; x_wconf 87' lang='lat' dir='ltr'><strong>poeta</strong></span> <span class='ocrx_word' id='word_1_167' title='bbox 491 2710 590 2793; x_wconf 89' lang='lat' dir='ltr'><strong>pilam</strong></span> <span class='ocrx_word' id='word_1_168' title='bbox 612 2708 846 2792; x_wconf 88' lang='lat' dir='ltr'><strong>interipsum</strong></span> <span class='ocrx_word' id='word_1_169' title='bbox 870 2709 1013 2774; x_wconf 86' lang='lat' dir='ltr'><strong>volatum</strong></span> <span class='ocrx_word' id='word_1_170' title='bbox 1037 2711 1109 2794; x_wconf 87' lang='lat' dir='ltr'><strong>oapi</strong></span> <span class='ocrx_word' id='word_1_171' title='bbox 1131 2711 1237 2777; x_wconf 86' lang='lat' dir='ltr'><strong>iaciat.</strong></span> 
     </span>
    </p>
   </div>
   <div class='ocr_carea' id='block_1_3' title="bbox 901 2950 973 3028">
    <p class='ocr_par' dir='ltr' id='par_1_4' title="bbox 901 2950 973 3028">
     <span class='ocr_line' id='line_1_22' title="bbox 901 2950 973 3028; baseline 0.014 -18"><span class='ocrx_word' id='word_1_172' title='bbox 901 2950 973 3028; x_wconf 72' lang='lat'><strong>§4-</strong></span> 
     </span>
    </p>
   </div>
   <div class='ocr_carea' id='block_1_4' title="bbox 373 3095 1498 3323">
    <p class='ocr_par' dir='ltr' id='par_1_5' title="bbox 373 3095 1498 3323">
     <span class='ocr_line' id='line_1_23' title="bbox 373 3095 1498 3165; baseline 0.001 -13"><span class='ocrx_word' id='word_1_173' title='bbox 373 3099 424 3152; x_wconf 76' lang='lat' dir='ltr'><strong>DE</strong></span> <span class='ocrx_word' id='word_1_174' title='bbox 456 3098 589 3155; x_wconf 85' lang='lat' dir='ltr'><strong>VERBIS</strong></span> <span class='ocrx_word' id='word_1_175' title='bbox 623 3097 699 3152; x_wconf 82' lang='lat' dir='ltr'><strong>CUM</strong></span> <span class='ocrx_word' id='word_1_176' title='bbox 730 3100 830 3149; x_wconf 79' lang='grc' dir='ltr'><em>ΜΕΤΑ</em></span> <span class='ocrx_word' id='word_1_177' title='bbox 867 3095 1093 3161; x_wconf 83' lang='lat' dir='ltr'><strong>COMPOSITIS,</strong></span> <span class='ocrx_word' id='word_1_178' title='bbox 1131 3097 1228 3165; x_wconf 76' lang='lat' dir='ltr'><strong>QUAE</strong></span> <span class='ocrx_word' id='word_1_179' title='bbox 1263 3098 1341 3154; x_wconf 85' lang='lat' dir='ltr'><strong>NON</strong></span> <span class='ocrx_word' id='word_1_180' title='bbox 1378 3099 1498 3156; x_wconf 83' lang='lat' dir='ltr'>SOLUM</span> 
     </span>
     <span class='ocr_line' id='line_1_24' title="bbox 431 3180 1444 3240; baseline 0.001 -1"><span class='ocrx_word' id='word_1_181' title='bbox 431 3184 507 3239; x_wconf 82' lang='lat' dir='ltr'><strong>CUM</strong></span> <span class='ocrx_word' id='word_1_182' title='bbox 525 3182 663 3238; x_wconf 82' lang='lat' dir='ltr'>DATIVO</span> <span class='ocrx_word' id='word_1_183' title='bbox 682 3181 752 3236; x_wconf 83' lang='lat' dir='ltr'><strong>SED</strong></span> <span class='ocrx_word' id='word_1_184' title='bbox 771 3181 998 3235; x_wconf 83' lang='lat' dir='ltr'><strong>PRAETEREA</strong></span> <span class='ocrx_word' id='word_1_185' title='bbox 1015 3180 1139 3236; x_wconf 83' lang='lat' dir='ltr'><strong>ETIAM</strong></span> <span class='ocrx_word' id='word_1_186' title='bbox 1158 3182 1234 3238; x_wconf 84' lang='lat' dir='ltr'><strong>CUM</strong></span> <span class='ocrx_word' id='word_1_187' title='bbox 1252 3183 1444 3240; x_wconf 85' lang='lat' dir='ltr'>GENETIVO</span> 
     </span>
     <span class='ocr_line' id='line_1_25' title="bbox 788 3265 1087 3323; baseline 0.01 -5"><span class='ocrx_word' id='word_1_188' title='bbox 788 3265 1087 3323; x_wconf 79' lang='lat' dir='ltr'>CONIUNGUNTUR.</span> 
     </span>
    </p>
   </div>
   <div class='ocr_carea' id='block_1_5' title="bbox 372 3387 1501 4352">
    <p class='ocr_par' dir='ltr' id='par_1_6' title="bbox 372 3387 1501 4352">
     <span class='ocr_line' id='line_1_26' title="bbox 460 3387 1499 3473; baseline 0.003 -20"><span class='ocrx_word' id='word_1_189' title='bbox 460 3387 629 3466; x_wconf 75' lang='lat' dir='ltr'><strong>Quaeritur</strong></span> <span class='ocrx_word' id='word_1_190' title='bbox 651 3393 727 3452; x_wconf 87' lang='lat' dir='ltr'><strong>ante</strong></span> <span class='ocrx_word' id='word_1_191' title='bbox 749 3390 871 3469; x_wconf 83' lang='lat' dir='ltr'><strong>omnia,</strong></span> <span class='ocrx_word' id='word_1_192' title='bbox 903 3389 1062 3470; x_wconf 88' lang='lat' dir='ltr'><strong>quomodo</strong></span> <span class='ocrx_word' id='word_1_193' title='bbox 1085 3390 1270 3472; x_wconf 81' lang='lat' dir='ltr'><strong>genetivum</strong></span> <span class='ocrx_word' id='word_1_194' title='bbox 1294 3391 1499 3473; x_wconf 86' lang='lat' dir='ltr'><strong>explicemus,</strong></span> 
     </span>
     <span class='ocr_line' id='line_1_27' title="bbox 374 3485 1501 3570; baseline 0.003 -19"><span class='ocrx_word' id='word_1_195' title='bbox 374 3493 406 3552; x_wconf 88' lang='lat' dir='ltr'><strong>et</strong></span> <span class='ocrx_word' id='word_1_196' title='bbox 426 3487 492 3550; x_wconf 85' lang='lat' dir='ltr'><strong>iam</strong></span> <span class='ocrx_word' id='word_1_197' title='bbox 520 3485 573 3548; x_wconf 86' lang='lat' dir='ltr'><strong>hic</strong></span> <span class='ocrx_word' id='word_1_198' title='bbox 601 3485 785 3567; x_wconf 86' lang='lat' dir='ltr'><strong>apparebit,</strong></span> <span class='ocrx_word' id='word_1_199' title='bbox 816 3506 911 3567; x_wconf 85' lang='lat' dir='ltr'><strong>quarn</strong></span> <span class='ocrx_word' id='word_1_200' title='bbox 940 3494 1026 3552; x_wconf 91' lang='lat' dir='ltr'><strong>recte</strong></span> <span class='ocrx_word' id='word_1_201' title='bbox 1056 3508 1153 3570; x_wconf 85' lang='lat' dir='ltr'><strong>supra</strong></span> <span class='ocrx_word' id='word_1_202' title='bbox 1182 3487 1383 3554; x_wconf 84' lang='lat' dir='ltr'><strong>docuerimus</strong></span> <span class='ocrx_word' id='word_1_203' title='bbox 1411 3508 1501 3555; x_wconf 87' lang='lat' dir='ltr'><strong>casus</strong></span> 
     </span>
     <span class='ocr_line' id='line_1_28' title="bbox 374 3581 1501 3670; baseline 0.003 -21"><span class='ocrx_word' id='word_1_204' title='bbox 374 3583 481 3649; x_wconf 88' lang='lat' dir='ltr'><strong>verbis</strong></span> <span class='ocrx_word' id='word_1_205' title='bbox 509 3581 694 3664; x_wconf 87' lang='lat' dir='ltr'><strong>compositis</strong></span> <span class='ocrx_word' id='word_1_206' title='bbox 728 3583 857 3649; x_wconf 87' lang='lat' dir='ltr'><strong>additos</strong></span> <span class='ocrx_word' id='word_1_207' title='bbox 892 3603 997 3666; x_wconf 90' lang='lat' dir='ltr'><strong>neque</strong></span> <span class='ocrx_word' id='word_1_208' title='bbox 1030 3604 1049 3650; x_wconf 93' lang='lat' dir='ltr'><strong>e</strong></span> <span class='ocrx_word' id='word_1_209' title='bbox 1082 3586 1320 3668; x_wconf 85' lang='lat' dir='ltr'><strong>praepositione</strong></span> <span class='ocrx_word' id='word_1_210' title='bbox 1349 3607 1454 3670; x_wconf 89' lang='lat' dir='ltr'><strong>neque</strong></span> <span class='ocrx_word' id='word_1_211' title='bbox 1483 3605 1501 3652; x_wconf 87' lang='lat' dir='ltr'><strong>e</strong></span> 
     </span>
     <span class='ocr_line' id='line_1_29' title="bbox 373 3678 1499 3766; baseline 0.004 -20"><span class='ocrx_word' id='word_1_212' title='bbox 373 3682 482 3763; x_wconf 88' lang='lat' dir='ltr'><strong>verbo,</strong></span> <span class='ocrx_word' id='word_1_213' title='bbox 506 3678 563 3746; x_wconf 89' lang='lat' dir='ltr'><strong>sed</strong></span> <span class='ocrx_word' id='word_1_214' title='bbox 586 3698 626 3745; x_wconf 82' lang='lat' dir='ltr'><strong>ex</strong></span> <span class='ocrx_word' id='word_1_215' title='bbox 648 3679 721 3762; x_wconf 86' lang='lat' dir='ltr'><strong>ipsa</strong></span> <span class='ocrx_word' id='word_1_216' title='bbox 743 3682 875 3746; x_wconf 90' lang='lat' dir='ltr'><strong>notione</strong></span> <span class='ocrx_word' id='word_1_217' title='bbox 891 3681 980 3746; x_wconf 92' lang='lat' dir='ltr'><strong>verbi</strong></span> <span class='ocrx_word' id='word_1_218' title='bbox 997 3682 1164 3766; x_wconf 87' lang='lat' dir='ltr'><strong>compositi</strong></span> <span class='ocrx_word' id='word_1_219' title='bbox 1185 3682 1398 3766; x_wconf 80' lang='lat' dir='ltr'><strong>explicandos</strong></span> <span class='ocrx_word' id='word_1_220' title='bbox 1422 3704 1499 3752; x_wconf 85' lang='lat' dir='ltr'><strong>esse.</strong></span> 
     </span>
     <span class='ocr_line' id='line_1_30' title="bbox 374 3777 1500 3866; baseline 0.003 -21"><span class='ocrx_word' id='word_1_221' title='bbox 374 3779 457 3845; x_wconf 83' lang='lat' dir='ltr'><strong>Nam</strong></span> <span class='ocrx_word' id='word_1_222' title='bbox 488 3779 514 3843; x_wconf 90' lang='lat' dir='ltr'><strong>si</strong></span> <span class='ocrx_word' id='word_1_223' title='bbox 537 3777 707 3860; x_wconf 84' lang='lat' dir='ltr'><strong>genetivus</strong></span> <span class='ocrx_word' id='word_1_224' title='bbox 735 3797 763 3843; x_wconf 91' lang='grc' dir='ltr'><em>ο.</em></span> <span class='ocrx_word' id='word_1_225' title='bbox 787 3797 813 3844; x_wconf 87' lang='grc' dir='ltr'><em>ο.</em></span> <span class='ocrx_word' id='word_1_226' title='bbox 844 3779 878 3842; x_wconf 90' lang='lat' dir='ltr'><strong>in</strong></span> <span class='ocrx_word' id='word_1_227' title='bbox 907 3782 1052 3858; x_wconf 85' lang='grc' dir='ltr'><em>μετέχειν</em></span> <span class='ocrx_word' id='word_1_228' title='bbox 1074 3778 1164 3857; x_wconf 84' lang='grc' dir='ltr'><em>τινός</em></span> <span class='ocrx_word' id='word_1_229' title='bbox 1192 3781 1349 3863; x_wconf 85' lang='lat' dir='ltr'><strong>penderet</strong></span> <span class='ocrx_word' id='word_1_230' title='bbox 1371 3801 1390 3847; x_wconf 93' lang='lat' dir='ltr'><strong>e</strong></span> <span class='ocrx_word' id='word_1_231' title='bbox 1412 3801 1500 3866; x_wconf 81' lang='lat' dir='ltr'><strong>prae</strong></span> 
     </span>
     <span class='ocr_line' id='line_1_31' title="bbox 374 3876 1501 3962; baseline 0.003 -20"><span class='ocrx_word' id='word_1_232' title='bbox 374 3876 542 3960; x_wconf 88' lang='lat' dir='ltr'><strong>positione,</strong></span> <span class='ocrx_word' id='word_1_233' title='bbox 574 3894 614 3940; x_wconf 86' lang='lat' dir='ltr'><strong>ex</strong></span> <span class='ocrx_word' id='word_1_234' title='bbox 637 3876 789 3958; x_wconf 85' lang='lat' dir='ltr'><strong>analogia</strong></span> <span class='ocrx_word' id='word_1_235' title='bbox 817 3877 1064 3960; x_wconf 87' lang='lat' dir='ltr'><strong>praepositionis</strong></span> <span class='ocrx_word' id='word_1_236' title='bbox 1086 3878 1229 3960; x_wconf 88' lang='lat' dir='ltr'><strong>alioquin</strong></span> <span class='ocrx_word' id='word_1_237' title='bbox 1252 3898 1323 3943; x_wconf 89' lang='lat' dir='ltr'><strong>cum</strong></span> <span class='ocrx_word' id='word_1_238' title='bbox 1352 3882 1501 3962; x_wconf 87' lang='lat' dir='ltr'><strong>genetivo</strong></span> 
     </span>
     <span class='ocr_line' id='line_1_32' title="bbox 374 3973 1499 4059; baseline 0.004 -21"><span class='ocrx_word' id='word_1_239' title='bbox 374 3975 563 4039; x_wconf 83' lang='lat' dir='ltr'><strong>coniunctae</strong></span> <span class='ocrx_word' id='word_1_240' title='bbox 580 3980 765 4054; x_wconf 88' lang='lat' dir='ltr'><strong>sequeretur</strong></span> <span class='ocrx_word' id='word_1_241' title='bbox 786 3973 872 4038; x_wconf 93' lang='lat' dir='ltr'><strong>hunc</strong></span> <span class='ocrx_word' id='word_1_242' title='bbox 893 3975 1078 4056; x_wconf 89' lang='lat' dir='ltr'><strong>genetivum</strong></span> <span class='ocrx_word' id='word_1_243' title='bbox 1094 3984 1240 4059; x_wconf 82' lang='lat' dir='ltr'><strong>spectare</strong></span> <span class='ocrx_word' id='word_1_244' title='bbox 1255 3976 1297 4040; x_wconf 88' lang='lat' dir='ltr'><strong>ad</strong></span> <span class='ocrx_word' id='word_1_245' title='bbox 1320 3996 1499 4059; x_wconf 87' lang='lat' dir='ltr'><strong>personam,</strong></span> 
     </span>
     <span class='ocr_line' id='line_1_33' title="bbox 374 4070 1501 4159; baseline 0.005 -25"><span class='ocrx_word' id='word_1_246' title='bbox 374 4089 509 4152; x_wconf 87' lang='lat' dir='ltr'><strong>quaeum</strong></span> <span class='ocrx_word' id='word_1_247' title='bbox 525 4070 595 4151; x_wconf 89' lang='lat' dir='ltr'><strong>quis</strong></span> <span class='ocrx_word' id='word_1_248' title='bbox 617 4071 759 4152; x_wconf 84' lang='lat' dir='ltr'><strong>aliquam</strong></span> <span class='ocrx_word' id='word_1_249' title='bbox 775 4091 840 4136; x_wconf 91' lang='lat' dir='ltr'><strong>rem</strong></span> <span class='ocrx_word' id='word_1_250' title='bbox 861 4071 1050 4154; x_wconf 86' lang='lat' dir='ltr'><strong>possideret,</strong></span> <span class='ocrx_word' id='word_1_251' title='bbox 1074 4095 1138 4139; x_wconf 92' lang='lat' dir='ltr'><strong>non</strong></span> <span class='ocrx_word' id='word_1_252' title='bbox 1160 4072 1202 4139; x_wconf 86' lang='lat' dir='ltr'><strong>ad</strong></span> <span class='ocrx_word' id='word_1_253' title='bbox 1218 4093 1295 4153; x_wconf 91' lang='lat' dir='ltr'><strong>rem,</strong></span> <span class='ocrx_word' id='word_1_254' title='bbox 1319 4074 1409 4140; x_wconf 90' lang='lat' dir='ltr'><strong>cuius</strong></span> <span class='ocrx_word' id='word_1_255' title='bbox 1432 4096 1501 4159; x_wconf 84' lang='lat' dir='ltr'><strong>par·</strong></span> 
     </span>
     <span class='ocr_line' id='line_1_34' title="bbox 372 4158 1501 4255; baseline 0.004 -22"><span class='ocrx_word' id='word_1_256' title='bbox 372 4168 474 4252; x_wconf 89' lang='lat' dir='ltr'><strong>ticeps</strong></span> <span class='ocrx_word' id='word_1_257' title='bbox 497 4173 599 4248; x_wconf 81' lang='lat' dir='ltr'><strong>esset3</strong></span> <span class='ocrx_word' id='word_1_258' title='bbox 623 4187 727 4249; x_wconf 90' lang='lat' dir='ltr'><strong>neque</strong></span> <span class='ocrx_word' id='word_1_259' title='bbox 749 4187 825 4233; x_wconf 91' lang='lat' dir='ltr'><strong>vero</strong></span> <span class='ocrx_word' id='word_1_260' title='bbox 848 4158 976 4252; x_wconf 85' lang='lat' dir='ltr'><strong>semper</strong></span> <span class='ocrx_word' id='word_1_261' title='bbox 998 4189 1016 4235; x_wconf 93' lang='lat' dir='ltr'><strong>e</strong></span> <span class='ocrx_word' id='word_1_262' title='bbox 1037 4172 1135 4237; x_wconf 90' lang='lat' dir='ltr'><strong>verbo</strong></span> <span class='ocrx_word' id='word_1_263' title='bbox 1158 4172 1295 4254; x_wconf 89' lang='lat' dir='ltr'><strong>simplici</strong></span> <span class='ocrx_word' id='word_1_264' title='bbox 1317 4174 1501 4255; x_wconf 88' lang='lat' dir='ltr'><strong>genetivum</strong></span> 
     </span>
     <span class='ocr_line' id='line_1_35' title="bbox 373 4265 1501 4352; baseline 0.004 -22"><span class='ocrx_word' id='word_1_265' title='bbox 373 4265 533 4332; x_wconf 89' lang='lat' dir='ltr'><strong>adiectum</strong></span> <span class='ocrx_word' id='word_1_266' title='bbox 557 4265 710 4347; x_wconf 83' lang='lat' dir='ltr'><strong>explicari</strong></span> <span class='ocrx_word' id='word_1_267' title='bbox 733 4286 831 4348; x_wconf 90' lang='lat' dir='ltr'><strong>posse</strong></span> <span class='ocrx_word' id='word_1_268' title='bbox 856 4269 1039 4350; x_wconf 85' lang='lat' dir='ltr'><strong>exemplum</strong></span> <span class='ocrx_word' id='word_1_269' title='bbox 1066 4268 1265 4335; x_wconf 85' lang='lat' dir='ltr'><strong>demonstrat</strong></span> <span class='ocrx_word' id='word_1_270' title='bbox 1286 4269 1376 4335; x_wconf 89' lang='lat' dir='ltr'><strong>verbi</strong></span> <span class='ocrx_word' id='word_1_271' title='bbox 1404 4275 1501 4352; x_wconf 85' lang='grc' dir='ltr'><em>μέτ-</em></span> 
     </span>
    </p>
   </div>
   <div class='ocr_carea' id='block_1_6' title="bbox 0 0 1734 5359">
    <p class='ocr_par' dir='ltr' id='par_1_7' title="bbox 0 0 1734 5359">
     <span class='ocr_line' id='line_1_36' title="bbox 0 0 1734 5359; baseline 0 0"><span class='ocrx_word' id='word_1_272' title='bbox 0 0 1734 5359; x_wconf 95' lang='lat' dir='ltr'><strong> </strong></span> 
     </span>
    </p>
   </div>
  </div>
 </body>
</html>
