<?xml version="1.0" encoding="UTF-8"?>
<!DOCTYPE html PUBLIC "-//W3C//DTD XHTML 1.0 Transitional//EN"
    "http://www.w3.org/TR/xhtml1/DTD/xhtml1-transitional.dtd">
<html xmlns="http://www.w3.org/1999/xhtml" xml:lang="en" lang="en">
 <head>
  <title>
</title>
<meta http-equiv="Content-Type" content="text/html;charset=utf-8" />
  <meta name='ocr-system' content='tesseract 3.04.00' />
  <meta name='ocr-capabilities' content='ocr_page ocr_carea ocr_par ocr_line ocrx_word'/>
</head>
<body>
  <div class='ocr_page' id='page_1' title='image "./studienzurgriec01curtgoog_0168.png"; bbox 0 0 3442 5359; ppageno 0'>
   <div class='ocr_carea' id='block_1_1' title="bbox 301 709 918 772">
    <p class='ocr_par' dir='ltr' id='par_1_1' title="bbox 301 709 918 772">
     <span class='ocr_line' id='line_1_1' title="bbox 301 709 918 772; baseline -0.008 0"><span class='ocrx_word' id='word_1_1' title='bbox 301 709 362 772; x_wconf 85' lang='lat'><strong><em>158</em></strong></span> <span class='ocrx_word' id='word_1_2' title='bbox 684 723 686 729; x_wconf 80' lang='grc'>’</span> <span class='ocrx_word' id='word_1_3' title='bbox 820 714 918 768; x_wconf 82' lang='lat' dir='ltr'><strong>Funok</strong></span> 
     </span>
    </p>
   </div>
   <div class='ocr_carea' id='block_1_2' title="bbox 211 877 1414 1556">
    <p class='ocr_par' dir='ltr' id='par_1_2' title="bbox 211 877 1414 1556">
     <span class='ocr_line' id='line_1_2' title="bbox 303 877 1409 970; baseline 0.003 -21"><span class='ocrx_word' id='word_1_4' title='bbox 303 884 385 961; x_wconf 80' lang='grc' dir='ltr'><strong><em>λεός,</em></strong></span> <span class='ocrx_word' id='word_1_5' title='bbox 409 883 492 966; x_wconf 88' lang='grc' dir='ltr'><strong><em>μετὰ</em></strong></span> <span class='ocrx_word' id='word_1_6' title='bbox 522 877 554 947; x_wconf 77' lang='grc' dir='ltr'><strong><em>δ’</em></strong></span> <span class='ocrx_word' id='word_1_7' title='bbox 587 880 743 963; x_wconf 77' lang='grc' dir='ltr'><strong><em>ἐτράπετ’</em></strong></span> <span class='ocrx_word' id='word_1_8' title='bbox 775 879 891 948; x_wconf 78' lang='grc' dir='ltr'><strong><em>αὐτίκα</em></strong></span> <span class='ocrx_word' id='word_1_9' title='bbox 921 881 954 948; x_wconf 74' lang='grc' dir='ltr'><strong><em>δ’</em></strong></span> <span class='ocrx_word' id='word_1_10' title='bbox 987 885 1087 970; x_wconf 63' lang='grc' dir='ltr'><strong><em>ἐ’γνως</em></strong></span> <span class='ocrx_word' id='word_1_11' title='bbox 1116 886 1210 951; x_wconf 88' lang='lat' dir='ltr'><strong>Pind.</strong></span> <span class='ocrx_word' id='word_1_12' title='bbox 1233 887 1271 952; x_wconf 86' lang='lat' dir='ltr'><strong><em>fr.</em></strong></span> <span class='ocrx_word' id='word_1_13' title='bbox 1297 891 1352 953; x_wconf 80' lang='grc'><strong><em>164</em></strong></span> <span class='ocrx_word' id='word_1_14' title='bbox 1376 887 1409 952; x_wconf 90' lang='lat' dir='ltr'><strong>de</strong></span> 
     </span>
     <span class='ocr_line' id='line_1_3' title="bbox 302 979 1410 1070; baseline -0.004 -18"><span class='ocrx_word' id='word_1_15' title='bbox 302 984 440 1067; x_wconf 78' lang='lat' dir='ltr'>Oedipo:</span> <span class='ocrx_word' id='word_1_16' title='bbox 470 979 694 1064; x_wconf 79' lang='grc' dir='ltr'><em>πεπρωμέναν</em></span> <span class='ocrx_word' id='word_1_17' title='bbox 717 979 818 1066; x_wconf 77' lang='grc' dir='ltr'><strong><em>ἐ’θηκε</em></strong></span> <span class='ocrx_word' id='word_1_18' title='bbox 840 988 959 1066; x_wconf 90' lang='grc' dir='ltr'><strong><em>μοίραν</em></strong></span> <span class='ocrx_word' id='word_1_19' title='bbox 983 987 1207 1064; x_wconf 87' lang='grc' dir='ltr'><strong><em>μετατραπεῖν</em></strong></span> <span class='ocrx_word' id='word_1_20' title='bbox 1231 981 1410 1070; x_wconf 80' lang='grc' dir='ltr'><strong><em>ἀνδροφθό-</em></strong></span> 
     </span>
     <span class='ocr_line' id='line_1_4' title="bbox 302 1076 1411 1167; baseline 0.003 -21"><span class='ocrx_word' id='word_1_21' title='bbox 302 1103 376 1163; x_wconf 88' lang='grc' dir='ltr'><strong><em>ρον·</em></strong></span> <span class='ocrx_word' id='word_1_22' title='bbox 408 1077 484 1145; x_wconf 77' lang='grc' dir='ltr'><strong><em>οὐδὲ</em></strong></span> <span class='ocrx_word' id='word_1_23' title='bbox 514 1079 590 1163; x_wconf 79' lang='grc' dir='ltr'><strong><em>σιγᾷ</em></strong></span> <span class='ocrx_word' id='word_1_24' title='bbox 619 1076 786 1164; x_wconf 80' lang='grc' dir='ltr'><strong><em>κατερρύη.</em></strong></span> <span class='ocrx_word' id='word_1_25' title='bbox 833 1080 973 1146; x_wconf 84' lang='lat' dir='ltr'>Verbum</span> <span class='ocrx_word' id='word_1_26' title='bbox 998 1083 1102 1164; x_wconf 91' lang='lat' dir='ltr'><strong>ipsum</strong></span> <span class='ocrx_word' id='word_1_27' title='bbox 1126 1081 1214 1165; x_wconf 85' lang='lat' dir='ltr'><strong>apud</strong></span> <span class='ocrx_word' id='word_1_28' title='bbox 1236 1082 1411 1167; x_wconf 78' lang='lat' dir='ltr'>Euripidem</span> 
     </span>
     <span class='ocr_line' id='line_1_5' title="bbox 301 1175 1412 1265; baseline 0 -20"><span class='ocrx_word' id='word_1_29' title='bbox 301 1200 365 1245; x_wconf 94' lang='lat' dir='ltr'><strong><em>non</em></strong></span> <span class='ocrx_word' id='word_1_30' title='bbox 387 1179 512 1261; x_wconf 82' lang='lat' dir='ltr'><strong>legitur,</strong></span> <span class='ocrx_word' id='word_1_31' title='bbox 535 1177 593 1243; x_wconf 92' lang='lat' dir='ltr'><strong>sed</strong></span> <span class='ocrx_word' id='word_1_32' title='bbox 612 1178 847 1244; x_wconf 83' lang='lat' dir='ltr'><strong>substantivum</strong></span> <span class='ocrx_word' id='word_1_33' title='bbox 864 1187 1034 1261; x_wconf 81' lang='lat' dir='ltr'><strong>cognatum</strong></span> <span class='ocrx_word' id='word_1_34' title='bbox 1057 1175 1308 1265; x_wconf 81' lang='grc' dir='ltr'><strong><em>μετατροπή</em></strong></span> <span class='ocrx_word' id='word_1_35' title='bbox 1323 1180 1412 1246; x_wconf 87' lang='lat' dir='ltr'><strong>Andr.</strong></span> 
     </span>
     <span class='ocr_line' id='line_1_6' title="bbox 303 1272 1414 1360; baseline 0.001 -19"><span class='ocrx_word' id='word_1_36' title='bbox 303 1281 361 1342; x_wconf 88' lang='grc'><strong><em>491</em></strong></span> <span class='ocrx_word' id='word_1_37' title='bbox 394 1275 444 1342; x_wconf 69' lang='grc' dir='ltr'><strong><em>ἔτι</em></strong></span> <span class='ocrx_word' id='word_1_38' title='bbox 475 1299 511 1340; x_wconf 91' lang='grc' dir='ltr'><strong><em>σε</em></strong></span> <span class='ocrx_word' id='word_1_39' title='bbox 541 1273 665 1338; x_wconf 87' lang='grc' dir='ltr'><strong><em>πότνια</em></strong></span> <span class='ocrx_word' id='word_1_40' title='bbox 699 1273 894 1359; x_wconf 88' lang='grc' dir='ltr'><strong><em>μετατροπὰ</em></strong></span> <span class='ocrx_word' id='word_1_41' title='bbox 923 1272 1024 1339; x_wconf 70' lang='grc' dir='ltr'><strong><em>τῶνδ’</em></strong></span> <span class='ocrx_word' id='word_1_42' title='bbox 1056 1275 1188 1342; x_wconf 78' lang='grc' dir='ltr'><strong><em>ἐ’πεισιν</em></strong></span> <span class='ocrx_word' id='word_1_43' title='bbox 1220 1277 1337 1360; x_wconf 75' lang='grc' dir='ltr'><strong><em>ἔργων,</em></strong></span> <span class='ocrx_word' id='word_1_44' title='bbox 1369 1277 1414 1342; x_wconf 89' lang='lat' dir='ltr'><strong><em>ubi</em></strong></span> 
     </span>
     <span class='ocr_line' id='line_1_7' title="bbox 301 1373 1414 1458; baseline 0 -18"><span class='ocrx_word' id='word_1_45' title='bbox 301 1376 399 1441; x_wconf 85' lang='lat' dir='ltr'><strong>habet</strong></span> <span class='ocrx_word' id='word_1_46' title='bbox 426 1375 492 1440; x_wconf 82' lang='lat' dir='ltr'><strong><em>vim</em></strong></span> <span class='ocrx_word' id='word_1_47' title='bbox 519 1374 619 1440; x_wconf 81' lang='lat' dir='ltr'><strong>nostri</strong></span> <span class='ocrx_word' id='word_1_48' title='bbox 647 1373 826 1456; x_wconf 78' lang='grc' dir='ltr'><strong><em>Ηπεολίαρ,</em></strong></span> <span class='ocrx_word' id='word_1_49' title='bbox 864 1373 1068 1457; x_wconf 80' lang='lat' dir='ltr'><strong>Verpeltunp,</strong></span> <span class='ocrx_word' id='word_1_50' title='bbox 1103 1395 1167 1458; x_wconf 80' lang='lat' dir='ltr'><strong><em>qua</em></strong></span> <span class='ocrx_word' id='word_1_51' title='bbox 1195 1395 1266 1440; x_wconf 86' lang='lat' dir='ltr'><strong><em>oum</em></strong></span> <span class='ocrx_word' id='word_1_52' title='bbox 1296 1375 1414 1440; x_wconf 87' lang='lat' dir='ltr'><strong>notione</strong></span> 
     </span>
     <span class='ocr_line' id='line_1_8' title="bbox 211 1469 1414 1556; baseline -0.001 -18"><span class='ocrx_word' id='word_1_53' title='bbox 211 1515 216 1525; x_wconf 87' lang='lat'><em>·</em></span> <span class='ocrx_word' id='word_1_54' title='bbox 302 1471 535 1556; x_wconf 79' lang='lat' dir='ltr'><strong>comparandus</strong></span> <span class='ocrx_word' id='word_1_55' title='bbox 551 1479 600 1538; x_wconf 91' lang='lat' dir='ltr'><strong>est</strong></span> <span class='ocrx_word' id='word_1_56' title='bbox 614 1492 690 1538; x_wconf 89' lang='lat' dir='ltr'><strong>usus</strong></span> <span class='ocrx_word' id='word_1_57' title='bbox 705 1469 855 1536; x_wconf 85' lang='lat' dir='ltr'><strong>adieetivi</strong></span> <span class='ocrx_word' id='word_1_58' title='bbox 871 1469 1141 1554; x_wconf 78' lang='grc' dir='ltr'><strong><em>μετάτροπος</em></strong></span> <span class='ocrx_word' id='word_1_59' title='bbox 1156 1472 1233 1538; x_wconf 85' lang='grc' dir='ltr'><strong><em>Ηεε.</em></strong></span> <span class='ocrx_word' id='word_1_60' title='bbox 1249 1474 1369 1556; x_wconf 84' lang='lat' dir='ltr'><strong>Theog.</strong></span> <span class='ocrx_word' id='word_1_61' title='bbox 1382 1475 1414 1538; x_wconf 88' lang='grc'><strong><em>89</em></strong></span> 
     </span>
    </p>
   </div>
   <div class='ocr_carea' id='block_1_3' title="bbox 408 1610 1292 1896">
    <p class='ocr_par' dir='ltr' id='par_1_3' title="bbox 408 1610 1292 1896">
     <span class='ocr_line' id='line_1_9' title="bbox 408 1610 1266 1698; baseline 0.001 -19"><span class='ocrx_word' id='word_1_62' title='bbox 408 1612 543 1681; x_wconf 72' lang='grc' dir='ltr'><strong><em>τοῦνεκα</em></strong></span> <span class='ocrx_word' id='word_1_63' title='bbox 565 1610 626 1696; x_wconf 82' lang='grc' dir='ltr'><strong><em>γάρ</em></strong></span> <span class='ocrx_word' id='word_1_64' title='bbox 648 1613 804 1698; x_wconf 76' lang='grc' dir='ltr'><strong><em>βασιλῆες</em></strong></span> <span class='ocrx_word' id='word_1_65' title='bbox 826 1611 1008 1698; x_wconf 74' lang='grc' dir='ltr'><em>ἐχέφρονες,</em></span> <span class='ocrx_word' id='word_1_66' title='bbox 1033 1610 1148 1681; x_wconf 72' lang='grc' dir='ltr'><strong><em>οὕνεκα</em></strong></span> <span class='ocrx_word' id='word_1_67' title='bbox 1172 1616 1266 1692; x_wconf 85' lang='grc' dir='ltr'><strong><em>λαοῖς</em></strong></span> 
     </span>
     <span class='ocr_line' id='line_1_10' title="bbox 408 1709 1292 1796; baseline 0.002 -20"><span class='ocrx_word' id='word_1_68' title='bbox 408 1709 652 1796; x_wconf 79' lang='grc' dir='ltr'><strong><em>βλαπτομένοις</em></strong></span> <span class='ocrx_word' id='word_1_69' title='bbox 675 1709 820 1796; x_wconf 81' lang='grc' dir='ltr'><strong><em>ἀγορῆφι</em></strong></span> <span class='ocrx_word' id='word_1_70' title='bbox 842 1711 1037 1794; x_wconf 79' lang='grc' dir='ltr'><strong><em>μετάτροπα</em></strong></span> <span class='ocrx_word' id='word_1_71' title='bbox 1060 1712 1137 1795; x_wconf 72' lang='grc' dir='ltr'><strong><em>ἔργα</em></strong></span> <span class='ocrx_word' id='word_1_72' title='bbox 1159 1714 1292 1779; x_wconf 81' lang='grc' dir='ltr'><strong><em>τελεῦσι</em></strong></span> 
     </span>
     <span class='ocr_line' id='line_1_11' title="bbox 408 1809 1216 1896; baseline 0 -21"><span class='ocrx_word' id='word_1_73' title='bbox 408 1811 560 1896; x_wconf 81' lang='grc' dir='ltr'><strong><em>ῥηιδίως,</em></strong></span> <span class='ocrx_word' id='word_1_74' title='bbox 583 1809 764 1891; x_wconf 89' lang='grc' dir='ltr'><strong><em>μαλακοῖσι</em></strong></span> <span class='ocrx_word' id='word_1_75' title='bbox 786 1809 1040 1895; x_wconf 84' lang='grc' dir='ltr'><strong><em>παραιφάμενοι</em></strong></span> <span class='ocrx_word' id='word_1_76' title='bbox 1063 1809 1216 1896; x_wconf 80' lang='grc' dir='ltr'><strong><em>ἓπὲεσσι;</em></strong></span> 
     </span>
    </p>
   </div>
   <div class='ocr_carea' id='block_1_4' title="bbox 297 1933 1447 4375">
    <p class='ocr_par' dir='ltr' id='par_1_4' title="bbox 300 1933 1447 2715">
     <span class='ocr_line' id='line_1_12' title="bbox 300 1933 1415 2044; baseline -0.004 -30"><span class='ocrx_word' id='word_1_77' title='bbox 300 1949 417 2014; x_wconf 66' lang='lat' dir='ltr'><strong>doech.</strong></span> <span class='ocrx_word' id='word_1_78' title='bbox 440 1948 528 2014; x_wconf 84' lang='lat' dir='ltr'><strong>Pers.</strong></span> <span class='ocrx_word' id='word_1_79' title='bbox 548 1951 607 2011; x_wconf 90' lang='grc'><strong><em>941</em></strong></span> <span class='ocrx_word' id='word_1_80' title='bbox 635 1945 761 2028; x_wconf 91' lang='grc' dir='ltr'><strong><em>δαίμων</em></strong></span> <span class='ocrx_word' id='word_1_81' title='bbox 784 1944 844 2028; x_wconf 81' lang='grc' dir='ltr'><strong><em>γὰρ</em></strong></span> <span class='ocrx_word' id='word_1_82' title='bbox 870 1941 925 2010; x_wconf 81' lang='lat' dir='ltr'><strong><em>dd’</em></strong></span> <span class='ocrx_word' id='word_1_83' title='bbox 950 1933 990 2009; x_wconf 78' lang='grc' dir='ltr'><strong><em>οὗ</em></strong></span> <span class='ocrx_word' id='word_1_84' title='bbox 1013 1942 1308 2044; x_wconf 72' lang='grc' dir='ltr'><strong><em>μετάτροποςὲπ&gt;</em></strong></span> <span class='ocrx_word' id='word_1_85' title='bbox 1333 1945 1415 2028; x_wconf 81' lang='grc' dir='ltr'><strong><em>έμοί;</em></strong></span> 
     </span>
     <span class='ocr_line' id='line_1_13' title="bbox 302 2043 1417 2127; baseline -0.004 -15"><span class='ocrx_word' id='word_1_86' title='bbox 302 2048 376 2114; x_wconf 81' lang='lat' dir='ltr'><strong><em>Eur.</em></strong></span> <span class='ocrx_word' id='word_1_87' title='bbox 405 2047 454 2110; x_wconf 86' lang='lat' dir='ltr'><strong><em>El.</em></strong></span> <span class='ocrx_word' id='word_1_88' title='bbox 481 2048 561 2110; x_wconf 83' lang='grc'><strong>1148</strong></span> <span class='ocrx_word' id='word_1_89' title='bbox 592 2043 799 2127; x_wconf 85' lang='grc' dir='ltr'><strong><em>μετάτροποι</em></strong></span> <span class='ocrx_word' id='word_1_90' title='bbox 827 2048 985 2107; x_wconf 83' lang='grc' dir='ltr'><strong><em>πνέουσιν</em></strong></span> <span class='ocrx_word' id='word_1_91' title='bbox 1015 2045 1113 2126; x_wconf 80' lang='grc' dir='ltr'><strong><em>αὖραι</em></strong></span> <span class='ocrx_word' id='word_1_92' title='bbox 1150 2043 1277 2126; x_wconf 83' lang='grc' dir='ltr'><strong><em>δόμων,</em></strong></span> <span class='ocrx_word' id='word_1_93' title='bbox 1312 2045 1417 2127; x_wconf 80' lang='lat' dir='ltr'><strong>quibus</strong></span> 
     </span>
     <span class='ocr_line' id='line_1_14' title="bbox 302 2142 1417 2228; baseline -0.004 -19"><span class='ocrx_word' id='word_1_94' title='bbox 302 2144 530 2228; x_wconf 81' lang='lat' dir='ltr'>posterioribus</span> <span class='ocrx_word' id='word_1_95' title='bbox 545 2142 624 2209; x_wconf 89' lang='lat' dir='ltr'><strong>loeis</strong></span> <span class='ocrx_word' id='word_1_96' title='bbox 639 2144 768 2227; x_wconf 88' lang='lat' dir='ltr'><strong>propria</strong></span> <span class='ocrx_word' id='word_1_97' title='bbox 783 2143 832 2208; x_wconf 89' lang='lat' dir='ltr'><strong><em>vis</em></strong></span> <span class='ocrx_word' id='word_1_98' title='bbox 848 2143 944 2208; x_wconf 84' lang='lat' dir='ltr'><strong>etiam</strong></span> <span class='ocrx_word' id='word_1_99' title='bbox 961 2144 1064 2226; x_wconf 79' lang='lat' dir='ltr'><strong>magis</strong></span> <span class='ocrx_word' id='word_1_100' title='bbox 1079 2152 1225 2227; x_wconf 84' lang='lat' dir='ltr'><strong>apparet.</strong></span> <span class='ocrx_word' id='word_1_101' title='bbox 1259 2143 1417 2209; x_wconf 77' lang='lat' dir='ltr'><strong>Invenitur</strong></span> 
     </span>
     <span class='ocr_line' id='line_1_15' title="bbox 301 2240 1417 2326; baseline -0.004 -19"><span class='ocrx_word' id='word_1_102' title='bbox 301 2249 469 2326; x_wconf 85' lang='lat' dir='ltr'><strong>praeterea</strong></span> <span class='ocrx_word' id='word_1_103' title='bbox 491 2241 723 2307; x_wconf 86' lang='lat' dir='ltr'><strong>substantivum</strong></span> <span class='ocrx_word' id='word_1_104' title='bbox 747 2244 1015 2320; x_wconf 82' lang='grc' dir='ltr'><strong><em>μετατροπίο</em></strong></span> <span class='ocrx_word' id='word_1_105' title='bbox 1038 2240 1151 2306; x_wconf 84' lang='lat' dir='ltr'><strong>eadem</strong></span> <span class='ocrx_word' id='word_1_106' title='bbox 1174 2242 1216 2324; x_wconf 85' lang='lat' dir='ltr'><strong><em>vi,</em></strong></span> <span class='ocrx_word' id='word_1_107' title='bbox 1240 2261 1305 2323; x_wconf 86' lang='lat' dir='ltr'><strong><em>qua</em></strong></span> <span class='ocrx_word' id='word_1_108' title='bbox 1326 2264 1417 2322; x_wconf 85' lang='grc' dir='ltr'><strong><em>μετο-</em></strong></span> 
     </span>
     <span class='ocr_line' id='line_1_16' title="bbox 302 2335 1417 2424; baseline -0.004 -21"><span class='ocrx_word' id='word_1_109' title='bbox 302 2337 426 2424; x_wconf 86' lang='grc' dir='ltr'><strong><em>τροπή;</em></strong></span> <span class='ocrx_word' id='word_1_110' title='bbox 455 2337 548 2403; x_wconf 90' lang='lat' dir='ltr'><strong>Pind.</strong></span> <span class='ocrx_word' id='word_1_111' title='bbox 572 2340 631 2422; x_wconf 89' lang='lat' dir='ltr'><strong><em>Py.</em></strong></span> <span class='ocrx_word' id='word_1_112' title='bbox 655 2339 703 2415; x_wconf 84' lang='lat' dir='ltr'><strong><em>X,</em></strong></span> <span class='ocrx_word' id='word_1_113' title='bbox 728 2343 765 2403; x_wconf 84' lang='lat'><strong><em>31</em></strong></span> <span class='ocrx_word' id='word_1_114' title='bbox 797 2336 840 2422; x_wconf 80' lang='grc' dir='ltr'><strong><em>μὴ</em></strong></span> <span class='ocrx_word' id='word_1_115' title='bbox 873 2342 1059 2419; x_wconf 77' lang='grc' dir='ltr'><strong><em>φθονεραῖς</em></strong></span> <span class='ocrx_word' id='word_1_116' title='bbox 1088 2335 1122 2402; x_wconf 79' lang='grc' dir='ltr'><strong><em>ἐκ</em></strong></span> <span class='ocrx_word' id='word_1_117' title='bbox 1152 2340 1243 2401; x_wconf 80' lang='grc' dir='ltr'><strong><em>θεῶν</em></strong></span> <span class='ocrx_word' id='word_1_118' title='bbox 1266 2358 1417 2419; x_wconf 86' lang='grc' dir='ltr'><strong><em>μετατρο-</em></strong></span> 
     </span>
     <span class='ocr_line' id='line_1_17' title="bbox 303 2431 1417 2518; baseline -0.004 -18"><span class='ocrx_word' id='word_1_119' title='bbox 303 2431 399 2512; x_wconf 87' lang='grc' dir='ltr'><strong><em>πίαις</em></strong></span> <span class='ocrx_word' id='word_1_120' title='bbox 422 2433 642 2517; x_wconf 80' lang='grc' dir='ltr'><strong><em>ἐπικύρσαιεν.</em></strong></span> <span class='ocrx_word' id='word_1_121' title='bbox 680 2438 729 2501; x_wconf 85' lang='lat' dir='ltr'><strong><em>Ab</em></strong></span> <span class='ocrx_word' id='word_1_122' title='bbox 753 2437 866 2503; x_wconf 89' lang='lat' dir='ltr'><strong>eadem</strong></span> <span class='ocrx_word' id='word_1_123' title='bbox 883 2435 991 2501; x_wconf 80' lang='lat' dir='ltr'><strong>radice</strong></span> <span class='ocrx_word' id='word_1_124' title='bbox 1014 2435 1168 2518; x_wconf 80' lang='lat' dir='ltr'><strong>originem</strong></span> <span class='ocrx_word' id='word_1_125' title='bbox 1186 2435 1280 2500; x_wconf 82' lang='lat' dir='ltr'><strong>duxit</strong></span> <span class='ocrx_word' id='word_1_126' title='bbox 1301 2459 1417 2516; x_wconf 85' lang='grc' dir='ltr'><strong><em>μετο-</em></strong></span> 
     </span>
     <span class='ocr_line' id='line_1_18' title="bbox 303 2532 1447 2616; baseline -0.003 -18"><span class='ocrx_word' id='word_1_127' title='bbox 303 2533 629 2616; x_wconf 88' lang='grc' dir='ltr'><strong><em>τροπαλίζομαι,</em></strong></span> <span class='ocrx_word' id='word_1_128' title='bbox 661 2534 774 2600; x_wconf 85' lang='lat' dir='ltr'><strong>eadem</strong></span> <span class='ocrx_word' id='word_1_129' title='bbox 804 2534 870 2598; x_wconf 87' lang='lat' dir='ltr'><strong>fere</strong></span> <span class='ocrx_word' id='word_1_130' title='bbox 893 2553 957 2614; x_wconf 85' lang='lat' dir='ltr'><strong><em>qua</em></strong></span> <span class='ocrx_word' id='word_1_131' title='bbox 978 2538 1228 2615; x_wconf 81' lang='grc' dir='ltr'><strong><em>μετατρέπομαι</em></strong></span> <span class='ocrx_word' id='word_1_132' title='bbox 1250 2534 1285 2598; x_wconf 86' lang='lat' dir='ltr'><strong><em>vi</em></strong></span> <span class='ocrx_word' id='word_1_133' title='bbox 1308 2532 1447 2599; x_wconf 86' lang='lat' dir='ltr'><strong>dietum·</strong></span> 
     </span>
     <span class='ocr_line' id='line_1_19' title="bbox 306 2626 1156 2715; baseline -0.001 -20"><span class='ocrx_word' id='word_1_134' title='bbox 306 2637 335 2695; x_wconf 95' lang='lat' dir='ltr'><em>Y</em></span> <span class='ocrx_word' id='word_1_135' title='bbox 357 2636 416 2696; x_wconf 82' lang='lat'><strong><em>190</em></strong></span> <span class='ocrx_word' id='word_1_136' title='bbox 439 2627 513 2696; x_wconf 91' lang='grc' dir='ltr'><strong><em>τότε</em></strong></span> <span class='ocrx_word' id='word_1_137' title='bbox 537 2626 569 2696; x_wconf 77' lang='grc' dir='ltr'><strong><em>δ’</em></strong></span> <span class='ocrx_word' id='word_1_138' title='bbox 596 2628 635 2695; x_wconf 80' lang='lat' dir='ltr'><strong><em>od</em></strong></span> <span class='ocrx_word' id='word_1_139' title='bbox 656 2656 689 2695; x_wconf 94' lang='grc' dir='ltr'><strong><em>τι</em></strong></span> <span class='ocrx_word' id='word_1_140' title='bbox 711 2630 993 2711; x_wconf 81' lang='grc' dir='ltr'><strong><em>μετατροπαλίζεο</em></strong></span> <span class='ocrx_word' id='word_1_141' title='bbox 1018 2630 1156 2715; x_wconf 76' lang='grc' dir='ltr'><strong><em>φεύγων.</em></strong></span> 
     </span>
    </p>

    <p class='ocr_par' dir='ltr' id='par_1_5' title="bbox 300 2715 1417 4181">
     <span class='ocr_line' id='line_1_20' title="bbox 387 2715 1415 2814; baseline -0.004 -21"><span class='ocrx_word' id='word_1_142' title='bbox 387 2734 657 2814; x_wconf 73' lang='grc' dir='ltr'><strong><em>μετατίθημι</em></strong></span> <span class='ocrx_word' id='word_1_143' title='bbox 693 2749 733 2794; x_wconf 87' lang='lat' dir='ltr'><strong>ex</strong></span> <span class='ocrx_word' id='word_1_144' title='bbox 762 2729 891 2811; x_wconf 91' lang='lat' dir='ltr'><strong>optimis</strong></span> <span class='ocrx_word' id='word_1_145' title='bbox 926 2729 1016 2795; x_wconf 91' lang='lat' dir='ltr'><strong>libris</strong></span> <span class='ocrx_word' id='word_1_146' title='bbox 1045 2751 1065 2795; x_wconf 84' lang='lat' dir='ltr'>a</span> <span class='ocrx_word' id='word_1_147' title='bbox 1094 2728 1208 2793; x_wconf 88' lang='lat' dir='ltr'>Wolfio</span> <span class='ocrx_word' id='word_1_148' title='bbox 1242 2715 1415 2794; x_wconf 88' lang='lat' dir='ltr'><strong>restitutum</strong></span> 
     </span>
     <span class='ocr_line' id='line_1_21' title="bbox 302 2817 1416 2911; baseline -0.006 -18"><span class='ocrx_word' id='word_1_149' title='bbox 302 2835 351 2893; x_wconf 81' lang='lat' dir='ltr'><strong>est</strong></span> <span class='ocrx_word' id='word_1_150' title='bbox 373 2850 393 2892; x_wconf 91' lang='grc' dir='ltr'><strong><em>σ</em></strong></span> <span class='ocrx_word' id='word_1_151' title='bbox 416 2832 477 2893; x_wconf 79' lang='grc'><strong><em>492</em></strong></span> <span class='ocrx_word' id='word_1_152' title='bbox 501 2820 579 2891; x_wconf 76' lang='grc' dir='ltr'><strong><em>αἴθ’</em></strong></span> <span class='ocrx_word' id='word_1_153' title='bbox 611 2819 740 2911; x_wconf 72' lang='grc' dir='ltr'><strong><em>ὤφελλ’</em></strong></span> <span class='ocrx_word' id='word_1_154' title='bbox 766 2819 783 2888; x_wconf 86' lang='grc' dir='ltr'><strong><em>ό</em></strong></span> <span class='ocrx_word' id='word_1_155' title='bbox 807 2825 913 2903; x_wconf 85' lang='grc' dir='ltr'><strong><em>ξεῖνος</em></strong></span> <span class='ocrx_word' id='word_1_156' title='bbox 935 2817 1103 2905; x_wconf 76' lang='grc' dir='ltr'><strong><em>ἀλώμενος</em></strong></span> <span class='ocrx_word' id='word_1_157' title='bbox 1126 2819 1250 2890; x_wconf 78' lang='grc' dir='ltr'><strong><em>ἄλλοθ’</em></strong></span> <span class='ocrx_word' id='word_1_158' title='bbox 1281 2818 1416 2890; x_wconf 81' lang='grc' dir='ltr'><strong><em>ὀλέσθαι</em></strong></span> 
     </span>
     <span class='ocr_line' id='line_1_22' title="bbox 302 2917 1416 3008; baseline -0.004 -20"><span class='ocrx_word' id='word_1_159' title='bbox 302 2925 381 3006; x_wconf 86' lang='grc' dir='ltr'><strong><em>πρὶν</em></strong></span> <span class='ocrx_word' id='word_1_160' title='bbox 411 2923 541 2989; x_wconf 79' lang='grc' dir='ltr'><strong><em>ἐλθεῖν·</em></strong></span> <span class='ocrx_word' id='word_1_161' title='bbox 564 2926 622 3008; x_wconf 73' lang='grc' dir='ltr'><strong><em>τῷ</em></strong></span> <span class='ocrx_word' id='word_1_162' title='bbox 651 2917 682 2987; x_wconf 78' lang='grc' dir='ltr'><strong><em>κ’</em></strong></span> <span class='ocrx_word' id='word_1_163' title='bbox 714 2920 753 2988; x_wconf 79' lang='grc' dir='ltr'><strong><em>οδ</em></strong></span> <span class='ocrx_word' id='word_1_164' title='bbox 782 2948 814 2988; x_wconf 90' lang='grc' dir='ltr'><strong><em>τι</em></strong></span> <span class='ocrx_word' id='word_1_165' title='bbox 844 2921 944 2988; x_wconf 88' lang='grc' dir='ltr'><strong><em>τόσον</em></strong></span> <span class='ocrx_word' id='word_1_166' title='bbox 974 2923 1110 2990; x_wconf 81' lang='grc' dir='ltr'><strong><em>κέλαδον</em></strong></span> <span class='ocrx_word' id='word_1_167' title='bbox 1138 2927 1337 3008; x_wconf 74' lang='grc' dir='ltr'><strong><em>μετέθηκεν,</em></strong></span> <span class='ocrx_word' id='word_1_168' title='bbox 1368 2922 1416 2988; x_wconf 83' lang='lat' dir='ltr'><strong><em>ubi</em></strong></span> 
     </span>
     <span class='ocr_line' id='line_1_23' title="bbox 301 3021 1416 3107; baseline -0.004 -19"><span class='ocrx_word' id='word_1_169' title='bbox 301 3024 432 3107; x_wconf 85' lang='lat' dir='ltr'><strong>propria</strong></span> <span class='ocrx_word' id='word_1_170' title='bbox 464 3024 551 3089; x_wconf 92' lang='lat' dir='ltr'><strong>notio</strong></span> <span class='ocrx_word' id='word_1_171' title='bbox 585 3043 667 3106; x_wconf 85' lang='lat' dir='ltr'><strong>quue</strong></span> <span class='ocrx_word' id='word_1_172' title='bbox 700 3030 749 3088; x_wconf 89' lang='lat' dir='ltr'><strong>est</strong></span> <span class='ocrx_word' id='word_1_173' title='bbox 782 3030 917 3106; x_wconf 83' lang='lat' dir='ltr'><strong>„postea</strong></span> <span class='ocrx_word' id='word_1_174' title='bbox 949 3024 1071 3101; x_wconf 84' lang='lat' dir='ltr'><strong>faeere,</strong></span> <span class='ocrx_word' id='word_1_175' title='bbox 1105 3021 1251 3087; x_wconf 81' lang='lat' dir='ltr'><strong>efficere“</strong></span> <span class='ocrx_word' id='word_1_176' title='bbox 1280 3021 1416 3086; x_wconf 89' lang='lat' dir='ltr'><strong>nondun</strong></span> 
     </span>
     <span class='ocr_line' id='line_1_24' title="bbox 300 3118 1416 3204; baseline -0.005 -18"><span class='ocrx_word' id='word_1_177' title='bbox 300 3141 429 3204; x_wconf 89' lang='lat' dir='ltr'><strong>prorsus</strong></span> <span class='ocrx_word' id='word_1_178' title='bbox 451 3129 500 3186; x_wconf 91' lang='lat' dir='ltr'><strong>est</strong></span> <span class='ocrx_word' id='word_1_179' title='bbox 526 3121 710 3202; x_wconf 77' lang='lat' dir='ltr'><strong>obscurata,</strong></span> <span class='ocrx_word' id='word_1_180' title='bbox 740 3139 845 3202; x_wconf 91' lang='lat' dir='ltr'><strong>neque</strong></span> <span class='ocrx_word' id='word_1_181' title='bbox 875 3127 983 3186; x_wconf 85' lang='lat' dir='ltr'><strong>tamen</strong></span> <span class='ocrx_word' id='word_1_182' title='bbox 1005 3121 1054 3186; x_wconf 87' lang='lat' dir='ltr'><strong><em>vis</em></strong></span> <span class='ocrx_word' id='word_1_183' title='bbox 1077 3139 1160 3202; x_wconf 83' lang='lat' dir='ltr'><strong>quae</strong></span> <span class='ocrx_word' id='word_1_184' title='bbox 1190 3127 1304 3202; x_wconf 84' lang='lat' dir='ltr'><strong>postea</strong></span> <span class='ocrx_word' id='word_1_185' title='bbox 1325 3118 1416 3183; x_wconf 77' lang='lat' dir='ltr'><strong>verbo</strong></span> 
     </span>
     <span class='ocr_line' id='line_1_25' title="bbox 301 3215 1416 3302; baseline -0.005 -19"><span class='ocrx_word' id='word_1_186' title='bbox 301 3220 410 3284; x_wconf 87' lang='lat' dir='ltr'><strong>subest</strong></span> <span class='ocrx_word' id='word_1_187' title='bbox 442 3219 586 3301; x_wconf 84' lang='lat' dir='ltr'><strong>„aliquid</strong></span> <span class='ocrx_word' id='word_1_188' title='bbox 620 3238 800 3302; x_wconf 79' lang='lat' dir='ltr'><strong>supponere</strong></span> <span class='ocrx_word' id='word_1_189' title='bbox 832 3220 866 3283; x_wconf 93' lang='lat' dir='ltr'><strong><em>in</em></strong></span> <span class='ocrx_word' id='word_1_190' title='bbox 899 3219 970 3283; x_wconf 91' lang='lat' dir='ltr'><strong>looo</strong></span> <span class='ocrx_word' id='word_1_191' title='bbox 1004 3218 1087 3284; x_wconf 85' lang='lat' dir='ltr'><strong>alius</strong></span> <span class='ocrx_word' id='word_1_192' title='bbox 1119 3217 1186 3283; x_wconf 84' lang='lat' dir='ltr'><strong>rei“</strong></span> <span class='ocrx_word' id='word_1_193' title='bbox 1223 3215 1333 3282; x_wconf 85' lang='lat' dir='ltr'><strong>aliena</strong></span> <span class='ocrx_word' id='word_1_194' title='bbox 1357 3222 1416 3286; x_wconf 85' lang='lat' dir='ltr'><strong>est.</strong></span> 
     </span>
     <span class='ocr_line' id='line_1_26' title="bbox 301 3308 1417 3399; baseline -0.005 -19"><span class='ocrx_word' id='word_1_195' title='bbox 301 3317 393 3381; x_wconf 85' lang='lat' dir='ltr'><strong>Hane</strong></span> <span class='ocrx_word' id='word_1_196' title='bbox 421 3315 550 3398; x_wconf 91' lang='lat' dir='ltr'><strong>quidem</strong></span> <span class='ocrx_word' id='word_1_197' title='bbox 581 3316 736 3381; x_wconf 85' lang='lat' dir='ltr'><strong>habemus</strong></span> <span class='ocrx_word' id='word_1_198' title='bbox 765 3316 853 3399; x_wconf 85' lang='lat' dir='ltr'><strong>apud</strong></span> <span class='ocrx_word' id='word_1_199' title='bbox 879 3315 1065 3399; x_wconf 84' lang='lat' dir='ltr'><strong>Euripidem</strong></span> <span class='ocrx_word' id='word_1_200' title='bbox 1089 3315 1141 3381; x_wconf 89' lang='lat' dir='ltr'><strong><em>Or.</em></strong></span> <span class='ocrx_word' id='word_1_201' title='bbox 1167 3318 1228 3378; x_wconf 82' lang='lat'><strong><em>254</em></strong></span> <span class='ocrx_word' id='word_1_202' title='bbox 1259 3311 1358 3392; x_wconf 85' lang='grc' dir='ltr'><strong><em>ταχὺς</em></strong></span> <span class='ocrx_word' id='word_1_203' title='bbox 1387 3308 1417 3375; x_wconf 86' lang='grc' dir='ltr'><strong><em>δὲ</em></strong></span> 
     </span>
     <span class='ocr_line' id='line_1_27' title="bbox 302 3399 1417 3497; baseline -0.003 -20"><span class='ocrx_word' id='word_1_204' title='bbox 302 3417 445 3493; x_wconf 80' lang='grc' dir='ltr'><strong><em>μετέθου</em></strong></span> <span class='ocrx_word' id='word_1_205' title='bbox 476 3409 614 3497; x_wconf 83' lang='grc' dir='ltr'><strong><em>λόσσαν;</em></strong></span> <span class='ocrx_word' id='word_1_206' title='bbox 646 3413 717 3496; x_wconf 89' lang='lat' dir='ltr'><strong>Iph.</strong></span> <span class='ocrx_word' id='word_1_207' title='bbox 740 3414 778 3476; x_wconf 83' lang='lat' dir='ltr'><strong><em>A.</em></strong></span> <span class='ocrx_word' id='word_1_208' title='bbox 804 3416 865 3478; x_wconf 88' lang='grc'><strong><em>389</em></strong></span> <span class='ocrx_word' id='word_1_209' title='bbox 888 3413 984 3496; x_wconf 82' lang='grc' dir='ltr'><strong><em>γνοὺς</em></strong></span> <span class='ocrx_word' id='word_1_210' title='bbox 1013 3410 1164 3494; x_wconf 90' lang='grc' dir='ltr'><strong><em>πρόσθεν</em></strong></span> <span class='ocrx_word' id='word_1_211' title='bbox 1188 3404 1246 3475; x_wconf 77' lang='grc' dir='ltr'><strong><em>οὐκ</em></strong></span> <span class='ocrx_word' id='word_1_212' title='bbox 1273 3399 1307 3475; x_wconf 84' lang='grc' dir='ltr'><strong><em>εδ</em></strong></span> <span class='ocrx_word' id='word_1_213' title='bbox 1329 3434 1417 3491; x_wconf 86' lang='grc' dir='ltr'><strong><em>μετε-</em></strong></span> 
     </span>
     <span class='ocr_line' id='line_1_28' title="bbox 302 3502 1417 3594; baseline -0.002 -20"><span class='ocrx_word' id='word_1_214' title='bbox 302 3508 411 3594; x_wconf 83' lang='grc' dir='ltr'><strong><em>θέμην</em></strong></span> <span class='ocrx_word' id='word_1_215' title='bbox 435 3502 625 3593; x_wconf 79' lang='grc' dir='ltr'><strong><em>εὖβοολίαν;</em></strong></span> <span class='ocrx_word' id='word_1_216' title='bbox 653 3509 808 3593; x_wconf 84' lang='lat' dir='ltr'><strong>signifieat</strong></span> <span class='ocrx_word' id='word_1_217' title='bbox 829 3512 962 3576; x_wconf 87' lang='lat' dir='ltr'><strong>verbum</strong></span> <span class='ocrx_word' id='word_1_218' title='bbox 986 3511 1036 3576; x_wconf 87' lang='lat' dir='ltr'><strong><em>hio</em></strong></span> <span class='ocrx_word' id='word_1_219' title='bbox 1058 3518 1192 3594; x_wconf 82' lang='lat' dir='ltr'><strong>„postea</strong></span> <span class='ocrx_word' id='word_1_220' title='bbox 1214 3509 1277 3574; x_wconf 85' lang='lat' dir='ltr'><strong>sibi</strong></span> <span class='ocrx_word' id='word_1_221' title='bbox 1300 3508 1417 3576; x_wconf 85' lang='lat' dir='ltr'><strong>eifioere</strong></span> 
     </span>
     <span class='ocr_line' id='line_1_29' title="bbox 301 3607 1417 3691; baseline -0.004 -18"><span class='ocrx_word' id='word_1_222' title='bbox 301 3607 399 3690; x_wconf 68' lang='lat' dir='ltr'><strong>alqd„</strong></span> <span class='ocrx_word' id='word_1_223' title='bbox 422 3607 589 3691; x_wconf 84' lang='lat' dir='ltr'><strong>aooipere“</strong></span> <span class='ocrx_word' id='word_1_224' title='bbox 613 3607 663 3682; x_wconf 85' lang='lat' dir='ltr'><strong>(oi.</strong></span> <span class='ocrx_word' id='word_1_225' title='bbox 687 3610 777 3674; x_wconf 87' lang='lat' dir='ltr'><strong>Deru.</strong></span> <span class='ocrx_word' id='word_1_226' title='bbox 802 3630 832 3691; x_wconf 92' lang='lat' dir='ltr'><strong><em>p.</em></strong></span> <span class='ocrx_word' id='word_1_227' title='bbox 851 3613 923 3690; x_wconf 84' lang='lat'><strong>303,</strong></span> <span class='ocrx_word' id='word_1_228' title='bbox 939 3612 979 3684; x_wconf 79' lang='grc'><strong><em>9).</em></strong></span> <span class='ocrx_word' id='word_1_229' title='bbox 1017 3609 1099 3674; x_wconf 89' lang='lat' dir='ltr'><strong>Aliis</strong></span> <span class='ocrx_word' id='word_1_230' title='bbox 1118 3627 1194 3673; x_wconf 84' lang='lat' dir='ltr'><strong>vero</strong></span> <span class='ocrx_word' id='word_1_231' title='bbox 1216 3607 1297 3672; x_wconf 85' lang='lat' dir='ltr'><strong>loeis</strong></span> <span class='ocrx_word' id='word_1_232' title='bbox 1320 3607 1417 3673; x_wconf 87' lang='lat' dir='ltr'><strong>eidem</strong></span> 
     </span>
     <span class='ocr_line' id='line_1_30' title="bbox 302 3704 1417 3787; baseline -0.004 -16"><span class='ocrx_word' id='word_1_233' title='bbox 302 3708 400 3772; x_wconf 90' lang='lat' dir='ltr'><strong>verbo</strong></span> <span class='ocrx_word' id='word_1_234' title='bbox 429 3707 585 3772; x_wconf 75' lang='lat' dir='ltr'><strong>inest&#39;vis</strong></span> <span class='ocrx_word' id='word_1_235' title='bbox 612 3706 713 3771; x_wconf 83' lang='lat' dir='ltr'><strong>nostri</strong></span> <span class='ocrx_word' id='word_1_236' title='bbox 737 3706 826 3772; x_wconf 88' lang='lat' dir='ltr'><strong>verbi</strong></span> <span class='ocrx_word' id='word_1_237' title='bbox 857 3705 1060 3787; x_wconf 79' lang='grc' dir='ltr'><strong><em>ιιιοροεταίίεπ</em></strong></span> <span class='ocrx_word' id='word_1_238' title='bbox 1082 3705 1135 3769; x_wconf 90' lang='lat' dir='ltr'><strong>vel</strong></span> <span class='ocrx_word' id='word_1_239' title='bbox 1157 3704 1348 3776; x_wconf 82' lang='grc' dir='ltr'><strong><em>οενάαιίεννι,</em></strong></span> <span class='ocrx_word' id='word_1_240' title='bbox 1378 3705 1417 3767; x_wconf 85' lang='lat' dir='ltr'><strong><em>ita</em></strong></span> 
     </span>
     <span class='ocr_line' id='line_1_31' title="bbox 300 3800 1416 3883; baseline -0.004 -14"><span class='ocrx_word' id='word_1_241' title='bbox 300 3807 398 3883; x_wconf 74' lang='lat' dir='ltr'><strong>[Eun]</strong></span> <span class='ocrx_word' id='word_1_242' title='bbox 421 3805 516 3870; x_wconf 76' lang='lat' dir='ltr'><strong>RheS.</strong></span> <span class='ocrx_word' id='word_1_243' title='bbox 544 3809 600 3870; x_wconf 88' lang='grc'><strong><em>131</em></strong></span> <span class='ocrx_word' id='word_1_244' title='bbox 626 3802 706 3867; x_wconf 90' lang='grc' dir='ltr'><strong><em>τάδε</em></strong></span> <span class='ocrx_word' id='word_1_245' title='bbox 729 3802 834 3880; x_wconf 85' lang='grc' dir='ltr'><strong><em>δοκεῖ,</em></strong></span> <span class='ocrx_word' id='word_1_246' title='bbox 858 3800 938 3866; x_wconf 87' lang='grc' dir='ltr'><strong><em>τάδε</em></strong></span> <span class='ocrx_word' id='word_1_247' title='bbox 959 3800 1186 3883; x_wconf 80' lang='grc' dir='ltr'><strong><em>μεταθέμενος</em></strong></span> <span class='ocrx_word' id='word_1_248' title='bbox 1212 3809 1283 3864; x_wconf 83' lang='grc' dir='ltr'><strong><em>νοεῖ</em></strong></span> <span class='ocrx_word' id='word_1_249' title='bbox 1305 3801 1416 3881; x_wconf 73' lang='grc'><strong><em>1,(11611,</em></strong></span> 
     </span>
     <span class='ocr_line' id='line_1_32' title="bbox 302 3899 1417 3982; baseline -0.004 -16"><span class='ocrx_word' id='word_1_250' title='bbox 302 3901 420 3968; x_wconf 90' lang='lat' dir='ltr'><strong>deinen</strong></span> <span class='ocrx_word' id='word_1_251' title='bbox 450 3902 530 3967; x_wconf 89' lang='lat' dir='ltr'><strong>Sinn</strong></span> <span class='ocrx_word' id='word_1_252' title='bbox 558 3903 739 3976; x_wconf 71' lang='lat' dir='ltr'><strong>endernd‘t</strong></span> <span class='ocrx_word' id='word_1_253' title='bbox 769 3908 801 3966; x_wconf 88' lang='lat' dir='ltr'><strong>et</strong></span> <span class='ocrx_word' id='word_1_254' title='bbox 831 3901 969 3982; x_wconf 87' lang='lat' dir='ltr'><strong>saepius.</strong></span> <span class='ocrx_word' id='word_1_255' title='bbox 1020 3899 1264 3966; x_wconf 85' lang='lat' dir='ltr'><strong>Substantivum</strong></span> <span class='ocrx_word' id='word_1_256' title='bbox 1293 3900 1335 3964; x_wconf 86' lang='lat' dir='ltr'><strong><em>ab</em></strong></span> <span class='ocrx_word' id='word_1_257' title='bbox 1364 3900 1417 3963; x_wconf 81' lang='lat' dir='ltr'><strong><em>hee</em></strong></span> 
     </span>
     <span class='ocr_line' id='line_1_33' title="bbox 300 3997 1417 4082; baseline -0.005 -17"><span class='ocrx_word' id='word_1_258' title='bbox 300 4000 399 4082; x_wconf 81' lang='lat' dir='ltr'><strong>stirpe</strong></span> <span class='ocrx_word' id='word_1_259' title='bbox 422 3998 602 4065; x_wconf 84' lang='lat' dir='ltr'><strong>derivatum</strong></span> <span class='ocrx_word' id='word_1_260' title='bbox 624 3997 864 4078; x_wconf 84' lang='grc' dir='ltr'><strong><em>μετάθεσις</em></strong></span> <span class='ocrx_word' id='word_1_261' title='bbox 886 3999 1009 4063; x_wconf 88' lang='lat' dir='ltr'><strong>habent</strong></span> <span class='ocrx_word' id='word_1_262' title='bbox 1023 4000 1194 4080; x_wconf 80' lang='lat' dir='ltr'><strong>scriptores</strong></span> <span class='ocrx_word' id='word_1_263' title='bbox 1216 4015 1333 4080; x_wconf 83' lang='lat' dir='ltr'><strong>prosae</strong></span> <span class='ocrx_word' id='word_1_264' title='bbox 1355 4015 1417 4062; x_wconf 82' lang='lat' dir='ltr'><strong>ora·</strong></span> 
     </span>
     <span class='ocr_line' id='line_1_34' title="bbox 301 4096 828 4181; baseline -0.002 -21"><span class='ocrx_word' id='word_1_265' title='bbox 301 4097 405 4176; x_wconf 89' lang='lat' dir='ltr'><strong>tionis,</strong></span> <span class='ocrx_word' id='word_1_266' title='bbox 429 4104 464 4161; x_wconf 93' lang='lat' dir='ltr'><strong><em>ut</em></strong></span> <span class='ocrx_word' id='word_1_267' title='bbox 485 4096 692 4181; x_wconf 81' lang='lat' dir='ltr'><strong>Thucydides</strong></span> <span class='ocrx_word' id='word_1_268' title='bbox 716 4096 752 4175; x_wconf 90' lang='lat' dir='ltr'><strong><em>V,</em></strong></span> <span class='ocrx_word' id='word_1_269' title='bbox 778 4100 828 4160; x_wconf 79' lang='lat'><strong><em>29.</em></strong></span> 
     </span>
    </p>

    <p class='ocr_par' dir='ltr' id='par_1_6' title="bbox 297 4189 1415 4375">
     <span class='ocr_line' id='line_1_35' title="bbox 384 4189 1415 4278; baseline -0.007 -20"><span class='ocrx_word' id='word_1_270' title='bbox 384 4198 625 4278; x_wconf 84' lang='grc' dir='ltr'><strong><em>μεθίστημι</em></strong></span> <span class='ocrx_word' id='word_1_271' title='bbox 654 4194 673 4257; x_wconf 88' lang='grc' dir='ltr'><strong><em>δ</em></strong></span> <span class='ocrx_word' id='word_1_272' title='bbox 696 4198 757 4260; x_wconf 82' lang='lat'><strong><em>612</em></strong></span> <span class='ocrx_word' id='word_1_273' title='bbox 786 4193 900 4274; x_wconf 78' lang='grc' dir='ltr'><strong><em>τοιγὰρ</em></strong></span> <span class='ocrx_word' id='word_1_274' title='bbox 932 4190 994 4274; x_wconf 74' lang='grc' dir='ltr'><strong><em>ἐγώ</em></strong></span> <span class='ocrx_word' id='word_1_275' title='bbox 1023 4214 1075 4257; x_wconf 96' lang='grc' dir='ltr'><strong><em>τοι</em></strong></span> <span class='ocrx_word' id='word_1_276' title='bbox 1102 4193 1205 4256; x_wconf 82' lang='grc' dir='ltr'><strong><em>ταῦτα</em></strong></span> <span class='ocrx_word' id='word_1_277' title='bbox 1227 4189 1415 4276; x_wconf 78' lang='grc' dir='ltr'><strong><em>μεταστήσω</em></strong></span> 
     </span>
     <span class='ocr_line' id='line_1_36' title="bbox 297 4290 1415 4375; baseline 0 -22"><span class='ocrx_word' id='word_1_278' title='bbox 297 4290 320 4356; x_wconf 90' lang='lat' dir='ltr'><strong><em>i.</em></strong></span> <span class='ocrx_word' id='word_1_279' title='bbox 344 4311 389 4357; x_wconf 85' lang='lat' dir='ltr'><strong>e:</strong></span> <span class='ocrx_word' id='word_1_280' title='bbox 419 4312 500 4375; x_wconf 84' lang='lat' dir='ltr'><strong>„ego</strong></span> <span class='ocrx_word' id='word_1_281' title='bbox 523 4292 603 4359; x_wconf 85' lang='lat' dir='ltr'><strong>haee</strong></span> <span class='ocrx_word' id='word_1_282' title='bbox 625 4293 683 4358; x_wconf 89' lang='lat' dir='ltr'><strong>tibi</strong></span> <span class='ocrx_word' id='word_1_283' title='bbox 705 4298 818 4375; x_wconf 83' lang='lat' dir='ltr'><strong>postea</strong></span> <span class='ocrx_word' id='word_1_284' title='bbox 839 4292 953 4356; x_wconf 91' lang='lat' dir='ltr'><strong>iterum</strong></span> <span class='ocrx_word' id='word_1_285' title='bbox 976 4297 1073 4372; x_wconf 86' lang='lat' dir='ltr'><strong>atque</strong></span> <span class='ocrx_word' id='word_1_286' title='bbox 1094 4290 1188 4355; x_wconf 88' lang='lat' dir='ltr'><strong>aliter</strong></span> <span class='ocrx_word' id='word_1_287' title='bbox 1210 4290 1415 4356; x_wconf 80' lang='lat' dir='ltr'><strong>constituam“</strong></span> 
     </span>
    </p>
   </div>
   <div class='ocr_carea' id='block_1_5' title="bbox 0 0 1729 5359">
    <p class='ocr_par' dir='ltr' id='par_1_7' title="bbox 0 0 1729 5359">
     <span class='ocr_line' id='line_1_37' title="bbox 0 0 1729 5359; baseline 0 0"><span class='ocrx_word' id='word_1_288' title='bbox 0 0 1729 5359; x_wconf 95' lang='lat' dir='ltr'><strong><em> </em></strong></span> 
     </span>
    </p>
   </div>
  </div>
 </body>
</html>
