3442 5359
309 739 370 800 144
830 741 929 796 Funck

309 915 498 994 „cupientem
536 918 658 982 unler“.
709 911 847 991 Μεταξά
884 914 980 979 etiam
1018 913 1265 998 praepositionis
1300 931 1409 979 munere

307 1013 396 1096 fungi
412 1014 509 1082 verbo
531 1013 693 1081 monuisse
715 1013 794 1079 satis
815 1012 920 1079 habeo
943 1014 1030 1090 (Eur.
1054 1012 1131 1078 Hec.
1148 1016 1208 1078 437
1234 1009 1408 1096 ξίφους

248 1141 250 1144 ’
306 1107 427 1192 μεταξδ
449 1108 504 1175 καὶ
526 1116 636 1192 πυρᾶς
655 1104 854 1192 Ἀχιλλέως).

391 1208 434 1274 ΙΙ.
471 1210 540 1273 Iam
570 1210 706 1274 transire
735 1210 810 1275 licet
826 1209 876 1275 ad
906 1229 945 1274 ea
966 1209 1113 1290 nomina,
1140 1228 1274 1290 quorum
1296 1209 1411 1275 alterum

250 1336 254 1344 ·
306 1307 482 1372 membrum
504 1307 736 1391 compositione
765 1313 920 1372 mutatum
944 1314 1008 1391 est,
1039 1313 1071 1373 et
1090 1306 1201 1372 inveni
1231 1307 1283 1372 hic
1308 1323 1412 1390 quoque

307 1403 369 1469 duo
392 1404 495 1470 triave
517 1411 641 1470 tantum
657 1405 868 1489 substantiva,
892 1425 974 1488 quae
989 1407 1070 1472 sicut
1084 1411 1192 1471 cetera
1209 1404 1317 1472 emnia
1336 1405 1412 1470 huius

305 1502 418 1568 classis
440 1503 598 1568 vocabula
620 1505 804 1586 compositis
827 1504 993 1569 obiectivis
1023 1512 1097 1569 sunt
1121 1504 1341 1570 attribuenda:
1366 1506 1412 1585 μέ-

305 1623 430 1678 τωπον,
453 1597 668 1685 μετάφρενον,
692 1602 841 1684 quodque
863 1608 1026 1667 extremae
1049 1602 1240 1668 Graecitatis
1263 1609 1311 1669 est
1330 1625 1412 1682 μετα-

305 1695 461 1773 κάνδυλος
483 1718 539 1765 seu
561 1696 813 1779 μετακόνδολον,
838 1719 921 1782 quae
943 1700 1072 1782 quidem
1088 1720 1151 1764 vox
1174 1702 1322 1784 spatium,
1344 1696 1411 1783 quod

305 1795 388 1860 inter
422 1794 591 1879 digitorum
626 1797 776 1864 articulos
808 1798 958 1880 interest,
995 1797 1164 1881 significat.
1215 1801 1260 1860 M
1266 1801 1411 1862 έτωπον

304 1899 412 1958 autem
442 1894 506 1959 iam
536 1895 569 1958 in
599 1895 703 1961 Iliade
732 1895 911 1977 invenitur,
942 1895 997 1960 ubi
1027 1895 1155 1979 proprio
1185 1915 1284 1962 sensu
1312 1901 1342 1959 N
1363 1897 1411 1959 615

304 1985 407 2072 ἤλασε
435 1994 590 2071 μέτωπον
620 1990 711 2073 ῥινὸς
741 1987 824 2074 άπερ
848 1990 1016 2075 πυμάτης,
1047 1993 1203 2076 spatium,
1234 1991 1319 2075 quod
1344 1992 1412 2056 iuter

305 2088 414 2154 oculos
443 2088 628 2171 intercedit,
658 2089 796 2174 indicat;
829 2090 947 2157 deinde
976 2089 1089 2156 eadem
1113 2111 1193 2155 voce
1222 2092 1348 2156 omnino
1372 2107 1411 2154 su·

304 2186 410 2268 perior
436 2186 528 2252 faciei
551 2208 642 2269 pars,
673 2187 777 2270 frons,
808 2189 861 2252 vel
884 2195 952 2253 tota
980 2188 1078 2254 facies
1101 2188 1314 2271 significatur,
1342 2183 1412 2252 unde

305 2284 401 2348 etiam
432 2283 473 2349 ad
504 2285 586 2350 alias
616 2305 666 2352 res
698 2286 945 2369 transfertur¹⁶l;
981 2285 1069 2368 apud
1097 2286 1285 2371 Euripidem
1315 2283 1412 2368 legitur

209 2429 210 2432 ,
304 2381 385 2446 haec
407 2402 470 2446 vox
492 2384 566 2447 Tro·
593 2386 673 2449 1198
698 2381 813 2464 ἱδρώς,
846 2378 882 2445 ὃν
910 2380 944 2447 ἐκ
965 2379 1139 2464 μετώπου,
1171 2381 1410 2459 πολλάκις

305 2477 436 2557 ἔσταζεν
452 2474 594 2564 Ἕκτωρ;
618 2480 689 2547 Hel.
710 2485 789 2547 1568
812 2478 1029 2563 μονάμπυκον
1053 2479 1090 2547 δὲ
1111 2482 1291 2558 Μενέλεως
1313 2477 1410 2567 ψήχων

305 2575 399 2660 δέρην
422 2575 562 2658 μέτωπά
584 2571 617 2642 τ’
643 2584 696 2655 (sc.
713 2579 771 2643 τοῦ
787 2575 922 2659 ταύρου)
938 2576 1010 2662 ανδ,
1034 2580 1141 2657 [Rhes.
1158 2583 1237 2644 307:
1261 2575 1412 2658 μετώποις

305 2672 500 2762 inurantur}
559 2680 602 2740 M
610 2673 846 2760 ετάφρενον
887 2696 966 2743 voce
1002 2678 1131 2761 proprie
1167 2677 1200 2741 id
1239 2677 1410 2750 declaratur,

304 2772 388 2854 quod
418 2773 553 2839 interest
580 2775 664 2840 inter
694 2777 832 2857 ,φρέναςη
863 2794 935 2840 cum
965 2783 1072 2841 autem
1101 2782 1232 2841 auctore
1257 2770 1412 2840 Aristotele

304 2870 334 2936 d.
358 2878 440 2954 part.
463 2893 515 2937 an.
540 2873 604 2952 Ill,
631 2877 668 2936 16
693 2875 809 2956 φρένες
831 2874 895 2938 sint
917 2869 955 2936 τὸ
980 2871 1145 2953 διάζωμα,
1170 2869 1187 2935 ὃ
1211 2868 1348 2954 διορίζει
1367 2865 1411 2934 τόν

303 2992 338 3033 τε
360 2966 529 3050 πνεύμονα
551 2970 605 3034 καὶ
627 2968 687 3054 τὴν
703 2960 861 3050 'anodiam
893 2989 964 3035 eam
988 2971 1172 3052 posterioris
1194 2967 1336 3054 corperis
1356 2988 1413 3055 par·

302 3073 379 3144 tem,
408 3086 490 3149 quae
512 3068 564 3132 illi
583 3069 729 3152 proxima
751 3075 814 3149 est,
839 3067 1036 3150 significasse
1057 3067 1184 3134 videtur
1205 3066 1413 3152 μετάφρενονς

302 3163 389 3246 apud
412 3165 595 3247 Homerum,
626 3166 680 3231 ubi
702 3166 892 3249 saepissime
913 3166 1039 3248 legitur,
1062 3166 1310 3251 accuratissime,
1334 3184 1415 3250 quam

302 3263 443 3344 corporis
473 3268 596 3344 partem
627 3262 799 3346 significet,
830 3263 1020 3330 describitur
1048 3266 1077 3326 E
1099 3268 1139 3328 46
1169 3268 1363 3348 μεταφρένῳ
1390 3259 1416 3326 ἐν

303 3356 381 3438 δόρυ
413 3357 532 3446 πῆξεν,
565 3356 663 3441 ὤμων
693 3357 872 3442 μεσσηγύς,
904 3359 960 3425 διὰ
991 3360 1027 3425 δὲ
1057 3359 1247 3448 στήθεσφιν
1279 3359 1416 3434 ἔλασσεν,

271 3539 275 3546 ¹
302 3463 399 3538 atque
429 3458 557 3539 saepius
586 3460 632 3523 ita
661 3477 731 3522 cum
762 3460 880 3525 umeris
902 3459 1105 3540 coniungitur
1126 3463 1157 3522 Β
1179 3463 1259 3538 265;
1290 3462 1418 3539 117913

305 3557 430 3637 ἱ11386,
455 3555 573 3638 plurali
595 3576 727 3622 numero
750 3557 866 3622 dieitur
889 3560 929 3619 M
952 3560 1013 3621 428
1038 3550 1119 3640 δτὲφ
1143 3561 1348 3641 στρεφθέντι
1370 3580 1420 3636 με·

301 3651 449 3736 τάφρενα
478 3657 666 3736 γυμνωθείη
697 3658 930 3736 μαρναμένων,
965 3656 1005 3721 de
1035 3676 1097 3737 quo
1127 3677 1186 3721 usu
1216 3655 1420 3722 conterendus

282 3750 434 3821 ‘Lobeclr
455 3751 508 3815 ad.
531 3751 599 3816 Ai.2
622 3773 652 3834 p.
679 3757 748 3816 145.

386 3849 424 3913 In
448 3849 663 3932 compluribus
685 3850 817 3915 vocibus
846 3850 952 3915 adhuc
981 3850 1126 3916 tractatis
1155 3851 1419 3935 praepositionem

301 3945 384 4026 μετά
406 3947 437 4011 vi
462 3947 569 4012 Latini
599 3948 697 4020 inter,
729 3947 828 4012 nostri
857 3946 1028 4025 τωιὶεοΙιοο,
1059 3959 1151 4011 anter
1175 3948 1359 4017 invenimus
1379 3950 1421 4013 in·

301 4051 459 4109 structam.
505 4044 595 4122 Quae
620 4044 733 4110 eadem
756 4046 804 4110 vis
826 4046 937 4111 subest
958 4043 1127 4111 adiectivis
1156 4066 1213 4108 -ιο
1237 4045 1344 4112 suffixi
1365 4064 1421 4129 ope

372 4262 401 4324 ¹⁰)
428 4259 467 4314 ef.
496 4261 600 4316 Hense:
638 4261 729 4323 „Post
756 4261 981 4316 Perscnification
1009 4262 1037 4315 iu
1068 4261 1168 4328 griech.
1194 4261 1343 4317 Dichtern“
1370 4265 1419 4317 etc.

299 4341 425 4398 Parchim
445 4346 517 4396 1864.
553 4342 633 4396 Helle
654 4345 726 4396 1868.
