3442 5359
618 720 619 724 ἵ
683 737 716 792 de
732 738 935 807 praepositione
952 737 1031 808 μετά.
1361 742 1418 804 131

284 911 361 977 sitio
387 909 431 976 de
453 911 525 976 loeo
547 910 708 992 intellegi,
738 910 796 976 sed
826 931 921 978 nemo
944 913 1076 996 negabit
1103 933 1249 995 oausam,
1279 936 1334 982 our
1356 938 1422 983 non

283 1010 396 1092 potius
428 1009 470 1074 de
493 1015 636 1091 tempore
658 1007 715 1074 illa
736 1009 778 1074 sit
801 1009 1038 1093 intellegenda,
1068 1031 1198 1095 prorsus
1223 1014 1345 1079 nullam
1368 1035 1423 1081 ex·
1471 1082 1474 1088 ,

282 1113 384 1172 stare.
431 1105 524 1185 Quae
546 1125 616 1171 oum
644 1104 690 1170 ita
716 1107 794 1186 sint,
824 1108 1033 1191 temporalem
1062 1109 1310 1194 praepositionis
1336 1111 1421 1192 μετά

280 1203 558 1288 signifieationem
585 1203 639 1267 vix
661 1224 791 1286 prorsus
813 1204 999 1270 adiudicare
1020 1205 1210 1273 audebimus
1232 1227 1253 1272 a
1274 1210 1420 1275 oarmini·

279 1303 356 1369 bus·
369 1303 566 1383 Homeriois,
594 1303 783 1386 praesertim
806 1322 877 1368 oum
900 1302 966 1367 alia
988 1322 1114 1386 quoque
1136 1303 1280 1371 eiusdem
1302 1306 1420 1389 signifi-

279 1401 426 1467 nationis
459 1400 597 1482 vestigia
631 1406 775 1480 exstent,
811 1400 852 1465 de
886 1401 1001 1482 quibus
1037 1401 1120 1466 inira
1155 1403 1216 1468 erit
1245 1403 1418 1486 agendum.

278 1499 466 1569 Atticorum
490 1499 678 1581 scriptorum
696 1503 804 1562 aetate
820 1516 891 1563 eam
907 1499 1011 1581 ipsam
1034 1498 1324 1582 frequentissimam
1347 1523 1419 1570 esse

278 1596 340 1661 vix
364 1603 424 1676 est,
449 1595 534 1677 quod
565 1614 825 1678 commemorem,
848 1596 1004 1662 latissime
1026 1605 1133 1662 autem
1157 1605 1272 1682 patens
1293 1600 1320 1666 is
1343 1620 1419 1668 usus

278 1693 376 1778 apud
399 1712 505 1758 rerum
528 1692 698 1775 soriptores
721 1692 889 1776 reperitur.

373 1793 445 1856 Iam
478 1791 505 1856 si
539 1790 776 1855 meminerimus
805 1810 930 1871 eorum,
965 1811 1047 1873 quae
1080 1793 1284 1876 paragrapho
1313 1797 1418 1879 prima

278 1891 436 1972 exposita
458 1894 549 1967 sunt,
577 1894 714 1970 apparet
741 1887 889 1968 easdem,
919 1889 1034 1970 quibus
1063 1891 1333 1973 praepositionem
1359 1893 1418 1957 ali·

278 2007 382 2069 quam
400 2006 471 2051 oum
487 1985 669 2051 nominibus
684 1986 887 2051 ooniunotam
910 1986 1089 2068 praeditam
1106 1989 1295 2071 invenimus,
1319 1991 1417 2074 signi-

278 2083 452 2150 lioationes
475 2084 587 2165 etiam,
617 2083 671 2147 ubi
694 2083 802 2149 verbis
825 2082 970 2166 praefixa
990 2084 1045 2168 sit,
1070 2085 1098 2152 ei
1122 2086 1228 2154 inesse
1250 2093 1416 2172 oporter03

278 2201 322 2247 ao
346 2183 374 2247 si
397 2182 577 2247 aoouratins
598 2181 786 2265 inspicimus
800 2182 960 2247 voeabula
975 2201 1025 2263 ea,
1049 2203 1132 2264 qnae
1148 2204 1219 2249 oum
1234 2183 1317 2264 μετά
1332 2205 1415 2251 oom-

278 2281 393 2362 posita
415 2286 499 2358 sunt,
522 2298 648 2345 revera
667 2298 777 2344 omnes
800 2279 884 2360 illas,
909 2279 950 2345 de
966 2280 1081 2362 quibus
1097 2301 1195 2364 supra
1217 2281 1414 2349 demonstra·

278 2387 350 2441 tum
375 2383 442 2456 est,
473 2375 722 2458 signifiontiones
744 2377 922 2459 reporimus
944 2397 1104 2459 unamque
1132 2379 1264 2462 insuper
1285 2401 1412 2462 novam,

280 2475 326 2542 de
349 2494 414 2556 qua
443 2482 556 2558 postea
579 2474 710 2540 dioetur.
755 2475 930 2541 Possumus
951 2476 1048 2557 igitur
1069 2476 1102 2540 in
1125 2477 1300 2554 tractandis
1322 2498 1415 2543 vona·

278 2572 369 2639 bulis
392 2573 578 2654 compositis
601 2573 719 2656 optime
742 2573 831 2654 sequi
854 2573 1026 2639 restionem
1055 2593 1180 2653 eornm,
1210 2575 1329 2659 quippe
1351 2595 1414 2657 qua

279 2672 381 2736 simul
404 2670 502 2735 etiam
526 2672 612 2735 notio
635 2670 883 2754 praepositionis
906 2669 1073 2751 indicetur,
1097 2670 1205 2753 itaque
1220 2672 1345 2737 initium
1368 2673 1382 2737 f
1402 2711 1413 2721 -

281 2769 406 2834 oiemus
436 2768 477 2832 ab
506 2768 546 2832 iis
568 2768 699 2833 vooibus
722 2766 924 2850 compositis,
954 2767 1068 2848 quibus
1098 2767 1225 2834 dativus
1247 2770 1414 2853 appositus

282 2886 356 2932 esso
379 2866 470 2931 solet.

773 3100 859 3176 One.
888 3103 918 3175 I.

284 3287 342 3352 Du
381 3285 622 3353 VOCABULIS
666 3286 755 3354 CUM
797 3291 937 3350 ΜΕΤΑ
980 3284 1249 3366 COMPOSfflS,
1294 3285 1409 3366 QUAE

379 3383 565 3450 PROPRIA
590 3385 633 3449 VI
656 3383 1004 3451 CONIUNGUNTUR
1026 3383 1115 3449 CUM
1137 3383 1310 3451 DATIVO.

813 3557 883 3629 ξ3.

317 3704 366 3758 DE
383 3704 430 3758 IIS
442 3703 584 3769 VERBIS,
604 3702 701 3772 QUAE
721 3703 844 3759 SOLUM
863 3701 1033 3757 DATlVUM
1050 3702 1203 3758 REGERE
1222 3696 1375 3759 SOLENT.

367 3823 558 3908 Significant
586 3824 667 3890 haee
689 3827 787 3891 verba
809 3825 986 3890 subieotnm
1009 3824 1129 3888 versari
1152 3824 1235 3888 inter
1260 3824 1353 3900 alios,
1376 3833 1409 3890 et

284 3942 479 4006 quamquam
501 3931 615 4006 postea
637 3924 697 3988 hoo
715 3943 812 3989 sensu
835 3921 1105 4005 praepositionem
1120 3918 1203 4000 μετά
1219 3939 1290 3984 oum
1312 3940 1408 4002 gene·

283 4021 346 4085 tivo
370 4020 522 4103 coniungi
544 4021 649 4086 solere
671 4020 819 4102 vidimus,
844 4027 951 4083 tamon
977 4038 1132 4099 nusquam
1157 4037 1175 4082 e
1197 4017 1304 4082 verbis
1325 4037 1408 4082 oom-

284 4118 393 4200 positis
422 4118 607 4200 genetivum
637 4119 682 4182 ita
711 4115 932 4200 accipiendum
962 4114 1104 4197 pendere
1126 4115 1322 4197 invenimus,
1349 4116 1407 4181 sed

283 4217 386 4298 potius
411 4235 449 4281 eo
472 4216 626 4298 tempore,
650 4235 711 4297 quo
735 4215 815 4280 siout
836 4213 1084 4296 praepositionis
1106 4210 1274 4291 nordeum
1298 4213 1406 4278 dativo

285 4314 481 4394 ooniunotio,
512 4313 557 4377 ita
583 4313 663 4378 haee
686 4312 785 4377 verba
808 4311 984 4394 composita
1006 4309 1108 4392 magis
1130 4310 1295 4392 magisque
1318 4311 1409 4377 obso-

1171 4412 1206 4463 9*
