3442 5359
303 721 363 782 162
822 720 920 775 Funck

302 895 483 961 invenimus
506 894 590 958 hanc
612 912 723 959 vocem
746 893 810 958 iam
832 894 866 956 in
889 893 1009 976 hymno
1031 893 1065 956 in
1082 891 1188 957 Oerer.
1204 891 1264 956 205
1280 889 1394 956 adverbii

302 994 388 1073 loco,
426 993 479 1075 qni
515 991 599 1058 idem
638 998 686 1057 est
722 1012 798 1057 usus
831 990 984 1073 Aeschyli
1015 991 1104 1055 Pers.
1137 992 1217 1073 2073
1254 991 1311 1072 Ag.
1339 991 1397 1068 4253

304 1089 381 1155 Oho.
411 1093 488 1172 5163
522 1089 619 1172 Soph.
649 1090 732 1154 Phil.
765 1091 862 1171 11333
896 1088 1011 1156 Trach.
1044 1092 1121 1171 7103
1156 1088 1265 1153 dativo
1293 1084 1399 1171 pluralis

303 1189 400 1253 utitur
422 1188 600 1271 Aeschylus
620 1188 708 1270 Sept.
725 1190 784 1251 581
810 1173 1024 1269 („'posteris“).
1061 1187 1227 1251 Accedunt
1248 1189 1400 1266 μεθέορ-

303 1308 387 1361 τος,
429 1286 513 1367 quod
553 1292 601 1350 est
642 1283 833 1349 obiectivum
874 1283 1083 1366 compositum
1124 1283 1190 1361 (‚,id
1232 1285 1315 1367 quod
1348 1286 1402 1366 post

301 1384 418 1449 festum
441 1387 539 1458 est“),
567 1380 653 1464 quod
676 1381 792 1463 legitur
814 1381 899 1445 Plut.
921 1400 1000 1444 mor.
1029 1402 1061 1464 p.
1088 1384 1215 1463 locst,
1239 1383 1311 1448 aliis
1330 1379 1403 1454 locis;

303 1478 544 1560 μετόπωρον
574 1480 593 1544 i.
618 1499 645 1545 e.
671 1473 687 1541 ό
710 1476 792 1555 μετὰ
816 1476 872 1560 τὴν
901 1470 1037 1560 ὀπώραν
1065 1477 1198 1559 χρόνος,
1230 1480 1314 1563 quud
1334 1495 1404 1542 vcca-

302 1579 412 1642 bulum
441 1578 576 1661 primum
608 1576 761 1643 traditum
784 1583 832 1641 est
854 1578 954 1642 Thuc.
979 1577 1056 1657 Vll,
1082 1580 1137 1659 79,
1168 1578 1226 1643 sed
1248 1579 1309 1643 iam
1331 1583 1407 1642 antes

302 1675 335 1740 in
361 1696 420 1741 usu
446 1674 544 1741 fuisse
565 1675 719 1759 probatur
740 1673 900 1739 adiectivo
922 1662 1230 1756 μετοπωρινόξ,
1258 1675 1408 1759 quodiam

302 1774 389 1855 apud
412 1772 685 1855 HesiodumErg.
711 1777 772 1835 415
801 1772 917 1853 legitur
946 1770 1091 1838 adverbii
1121 1792 1253 1838 munere
1282 1773 1410 1854 iungens·

274 1896 277 1900 “
303 1870 376 1936 Alia
398 1870 492 1935 huius
514 1870 601 1936 modi
624 1870 782 1935 vocabula
804 1869 898 1934 affert
919 1869 1044 1935 Pettius
1067 1871 1103 1934 ll.
1128 1871 1164 1934 F.
1187 1871 1229 1952 1²,
1248 1875 1318 1937 757.
1359 1864 1414 1933 rid·

302 1968 414 2033 verbia
436 1975 559 2048 autem,
589 1987 672 2050 quae
699 1969 761 2032 huc
790 1967 950 2050 pertinere
971 1966 1137 2048 videntur,
1166 1967 1322 2033 hahemus
1347 1964 1417 2032 satis

293 2065 451 2146 antiqua:
485 2068 712 2142 μετέπειτα
742 2063 983 2140 „hinterdrein“
1016 2063 1047 2131 Ξ
1074 2066 1152 2144 310,
1187 2068 1305 2145 κ519,
1333 2063 1418 2139 alibi3

303 2159 570 2242 μετόπισθεν
592 2167 630 2224 A
653 2165 708 2239 82;
733 2160 915 2238 μετόπιν
938 2161 1036 2245 Soph.
1060 2161 1142 2226 Phil.
1170 2165 1261 2228 1189.

302 2450 454 2517 PAUGlS
478 2449 773 2516 ASTRINGITUR
795 2448 1041 2516 TRAGTATlO
1064 2451 1121 2515 ΕΤ
1145 2449 1430 2517 ABSOLVITUR·

826 2604 845 2682 ἓ
868 2606 897 2667 8.

389 2738 457 2803 Iam
489 2739 516 2804 si
550 2745 649 2803 totam
684 2737 909 2802 vocabulorum
943 2758 1012 2802 cum
1047 2735 1131 2818 μενά
1164 2740 1437 2823 compositionem)

301 2836 502 2919 respicimus,
537 2836 673 2918 primum
707 2836 768 2900 hoe
799 2833 1082 2918 animadvertitur,
1120 2855 1160 2902 ea
1192 2838 1308 2919 verba,
1345 2847 1442 2918 quae

300 2934 406 3018 priore
421 2934 526 3017 capite
547 2939 683 2998 tractata
704 2932 866 3017 propriam
889 2932 1035 2998 adverbii
1056 2933 1322 3016 significationem
1344 2946 1443 3016 quae

302 3039 350 3098 est
371 3033 464 3112 „mit‚
488 3028 615 3111 unter“‚'
640 3031 780 3095 maxime
807 3029 1009 3112 perspicuam
1033 3030 1201 3114 exhibent,
1230 3033 1337 3096 omnia
1357 3031 1442 3096 ier&

300 3130 364 3194 iam
386 3129 465 3195 satis
487 3129 618 3211 antiquo
641 3134 784 3211 tempore
805 3128 942 3192 formata
959 3133 990 3193 et
1011 3128 1187 3211 posteriore
1202 3135 1345 3211 tempore
1359 3145 1439 3193 nom

300 3227 346 3291 ita
368 3227 477 3291 multis
498 3226 591 3290 novis
613 3233 707 3290 aucta
728 3244 808 3290 esse.
846 3224 986 3289 Maxime
1009 3244 1048 3290 ea
1065 3227 1174 3309 verba,
1199 3247 1282 3309 quae
1297 3219 1438 3293 Homeri

300 3331 408 3388 aetate
423 3343 493 3388 cum
516 3323 584 3388 solo
601 3322 710 3388 dativo
729 3329 793 3387 tam
816 3342 915 3405 saepe
930 3323 1110 3404 iunguntur,
1135 3331 1248 3406 postea
1262 3342 1434 3407 nunquam

300 3420 367 3485 iere
399 3420 613 3500 inveniuntur,
647 3420 772 3502 itaque,
806 3440 877 3485 cum
911 3440 950 3486 ea
983 3421 1054 3502 ipsa
1086 3423 1156 3486 sola
1189 3422 1434 3504 quodammodo

300 3518 407 3582 verbis
436 3537 506 3582 cum
537 3514 595 3580 σόν
624 3517 806 3600 compositis
835 3518 953 3583 similia
981 3519 1060 3599 sint,
1088 3521 1186 3584 talem
1209 3539 1286 3586 usus
1310 3521 1435 3586 disere«

300 3615 460 3698 pantiam,
489 3616 615 3697 qualem
644 3616 727 3680 inter
755 3614 911 3680 adverbia
939 3613 1022 3696 μετά
1050 3624 1082 3681 et
1109 3614 1168 3679 σόν
1198 3636 1269 3681 eum
1299 3618 1433 3683 casibus

300 3712 470 3778 coniuncta
501 3712 608 3777 Attica
647 3718 754 3778 aetate
791 3712 952 3778 exstitisse
986 3713 1092 3779 docuit
1125 3715 1356 3796 Mommsenus,
1387 3715 1427 3777 in

300 3810 408 3877 verbis
437 3810 619 3892 compositis
652 3811 773 3874 nullam
807 3829 879 3876 esse
910 3818 1055 3894 apparet.
1105 3812 1213 3876 Attica
1240 3819 1361 3890 aetate,
1392 3803 1450 3875 εἴ

299 3908 422 3992 excipis
448 3927 552 3991 pauca
580 3907 639 3972 illa
665 3908 779 3988 verba,
811 3927 893 3990 quae
922 3909 1060 3990 aliquem
1090 3909 1225 3974 alicuius
1253 3910 1297 3976 rei
1328 3907 1433 3992 partit

299 4007 402 4088 cipem
426 4024 496 4070 esse
522 4004 715 4087 significant,
743 4005 924 4087 ubicunque
952 4005 1090 4070 societas
1111 4006 1269 4087 quaedam
1298 4008 1329 4071 in
1351 4008 1430 4088 ipso

299 4102 397 4166 verbo
427 4108 474 4167 est
501 4101 690 4186 indicanda,
720 4102 878 4186 particula
907 4099 965 4165 σόν
988 4103 1086 4167 verbo
1115 4101 1258 4186 praefixa
1286 4103 1426 4191 videtur,

300 4218 363 4280 qua
385 4197 482 4264 dere
504 4200 568 4264 alio
583 4207 726 4283 tempore
748 4200 877 4266 uberius
895 4219 1056 4283 exponere
1077 4200 1110 4264 in
1134 4201 1241 4266 animo
1263 4200 1336 4265 mihi
1359 4204 1431 4263 est.

300 4295 378 4360 (lum
401 4294 496 4378 igitur
523 4297 672 4380 propriae
694 4298 781 4364 illius
808 4297 985 4381 particulae
1013 4295 1097 4378 μετά
1125 4296 1360 4382 significationis
1379 4295 1427 4357 in
