3442 5359
586 431 618 485 de
636 429 836 499 praepositione
853 427 931 499 μετά.
1076 395 1079 401 ἵ
1263 424 1323 487 125

237 599 361 668 exhibent
381 603 504 669 Graeca
526 605 625 669 verba
648 599 863 686 ουρρήγνομι,
896 599 1109 683 οονοράσοω,
1135 600 1323 686 ουμφλέγω,

236 697 342 782 similia,
368 700 574 767 confirmandi
597 707 722 766 autem:
753 697 990 784 συγγράφω,
1021 699 1197 777 conscribo,
1228 721 1325 764 ουν-

235 802 493 882 terestrem,
534 799 732 870 commoliar,
774 803 1033 882 σονοφαὶνω,
1075 807 1225 869 santeaco,
1258 798 1324 862 alia

234 894 343 969 multat.

270 1001 356 1079 ‘Iam
379 1022 491 1096 restat,
523 1023 557 1079 ut
586 1014 627 1080 de
649 1014 811 1082 nominum
835 1033 905 1079 oum
933 1013 1222 1097 praepositionibus
1244 1034 1327 1078 oom-

234 1109 365 1187 positione
386 1114 543 1178 monnulla
558 1131 727 1197 exponam,
752 1132 814 1194 qua
836 1111 869 1175 in
893 1132 928 1177 re
946 1110 1081 1176 eundem
1105 1112 1195 1176 illum
1212 1111 1327 1176 Sohoe·

234 1220 355 1274 nannum
381 1230 511 1294 sequor,
542 1212 595 1294 qui
625 1210 645 1275 l.
669 1211 690 1274 l.
721 1230 751 1292 p.
779 1213 837 1273 lto
869 1210 965 1298 etiam
996 1208 1036 1273 do
1065 1208 1115 1273 his
1144 1209 1328 1292 compositis

184 1374 186 1379 ,
233 1303 327 1382 optima
353 1309 425 1391 ogit.
471 1309 603 1374 Praeter
630 1307 760 1372 nomina
789 1327 809 1370 a
831 1307 937 1371 verbis
961 1305 1143 1387 compositis
1173 1305 1327 1386 derivata,

234 1413 340 1477 quorum
366 1425 518 1473 numerus
540 1406 618 1472 satis
640 1423 776 1486 magnus
800 1409 862 1484 est,
895 1403 1049 1468 faoillima
1070 1403 1233 1468 intellectu
1256 1411 1330 1469 sunt

184 1570 186 1577 ,
204 1515 207 1519 ·
234 1501 390 1569 onomius
405 1504 592 1587 composita,
615 1502 780 1585 inquibus
803 1501 959 1584 posterior
974 1521 1049 1584 pars
1067 1521 1184 1566 nomen
1203 1503 1329 1585 agentis

233 1607 275 1658 seu
292 1601 418 1666 aetionis
442 1609 505 1684 est,
533 1600 654 1667 soilioet
676 1599 773 1683 plane
795 1598 910 1663 eodem
932 1599 1028 1663 modo
1051 1598 1244 1681 explicanda
1267 1620 1329 1682 quo

233 1693 310 1760 verba
328 1700 502 1783 composita
532 1695 713 1782 σομφογάς,
745 1693 933 1780 ουννούτογς,
961 1691 1140 1776 μεταίτιος,
1165 1694 1330 1779 πρόλογος

233 1785 433 1875 lVorwort‘l,
469 1793 638 1879 ἐπίλογος,
674 1796 755 1878 alia3
789 1794 847 1858 sed
877 1794 933 1858 vix
965 1794 1145 1877 putaverim
1179 1813 1330 1875 magnum

233 1900 316 1955 eorum
341 1914 507 1960 numerum
536 1894 664 1977 congeri
692 1911 801 1977 posse,
836 1912 907 1956 oum
935 1891 1032 1973 longe
1060 1892 1198 1974 plurima
1225 1891 1331 1956 huius·

233 1985 300 2052 modi
311 1992 466 2057 voeabula
481 1992 561 2057 mult
549 1999 581 2055 to
603 1993 709 2076 aptius
725 2011 745 2055 a
759 1989 896 2056 verbis
888 2009 952 2052 ram
968 1989 1152 2070 compositis
1175 1987 1331 2072 originem

235 2074 338 2153 luxisse
359 2096 520 2173 putentur,
543 2097 577 2155 ut
594 2085 777 2173 μεταφορὰ,
802 2083 1035 2167 σομπράκτωρ.
1073 2086 1187 2150 Paullo
1203 2087 1331 2171 saepius

183 2254 187 2261 Ι
232 2170 412 2252 inveniuntur
426 2207 531 2267 voees,
554 2188 718 2270 inquibus
740 2184 889 2270 praeposi
891 2183 995 2248 tiones
1014 2183 1045 2247 vi
1069 2203 1198 2267 prorsus
1220 2185 1332 2249 adver·

183 2298 188 2339 2
234 2267 293 2343 liali
319 2291 488 2368 usurpatae
517 2291 606 2366 sunt,
637 2303 654 2350 e
684 2284 797 2367 quibus
825 2287 953 2365 praeter
985 2301 1039 2361 ea,
1070 2299 1194 2362 quasa
1217 2282 1332 2348 Schoe-

183 2410 187 2419 ¹
235 2385 328 2445 manno
343 2382 444 2448 allata
458 2389 532 2447 sun
547 2382 696 2465 exempla
711 2375 893 2454 οπόδασος,
909 2373 1144 2460 ὑπέρυθρος,
1128 2376 1330 2460 οηόγροπος,

183 2450 186 2543 l
183 2458 447 2569 'inoportuna‘
431 2484 627 2562 οπερμέγοις,
654 2480 723 2544 Lat.
746 2475 908 2550 subrubeo,
931 2475 1086 2556 subasper,
1112 2496 1331 2558 prmuemepous

183 2575 406 2660 roseusque
431 2597 535 2661 pauca
556 2579 686 2660 insuper
700 2596 838 2660 appono,
864 2574 1014 2657 quoniam
1037 2593 1078 2638 ne
1100 2574 1182 2638 tales
1205 2574 1333 2655 quidem

236 2677 309 2736 Vooes
332 2694 429 2758 saepe
463 2675 627 2757 leguntur:
662 2671 868 2749 ἐπίδαους(
872 2671 1082 2749 „annahernd
1110 2668 1273 2747 rauh“')
1260 2677 1334 2734 snt-

183 2758 186 2835 l
236 2754 338 2848 leoaog,
379 2771 654 2854 ἑπιστρόγγολος,·
691 2768 889 2847 κατάλεοκος
923 2770 1004 2847 (‚‚bis
1036 2768 1092 2832 auf
1124 2766 1185 2833 den
1222 2767 1334 2833 Grund

183 2898 190 2903 -
236 2863 347 2948 welssll,
374 2868 622 2950 κατάλαμπρος,
646 2866 869 2950 κατάλαβρος,·
898 2872 1107 2947 περίμεστος,
1131 2863 1333 2948 περιμαθής,

237 2959 387 3044 πεοίκοκος
419 2968 561 3051 (proprie
600 2968 675 3049 „qui
713 2966 755 3030 ab
789 2966 874 3029 omni
914 2973 1005 3050 parte
1040 2965 1171 3047 plenus,
1213 2962 1334 3046 doetus,

183 3070 187 3141 l
238 3059 317 3128 malus
338 3070 434 3145 ost“),
463 3062 654 3144 διάπικρος,
680 3061 848 3176 διάξηρος,
882 3061 1074 3141 διάμεστος,
1107 3060 1335 3141 διαποίκιλοςς

183 3148 190 3267 l
237 3145 285 3221 hae
301 3180 400 3240 voees,
432 3182 514 3244 quae
537 3163 652 3246 partim
676 3168 748 3244 post
750 3162 850 3227 eriore
874 3159 1000 3225 domum
1023 3161 1220 3243 temporem
1244 3180 1336 3225 usum

183 3276 187 3313 ι
238 3262 368 3326 veneunt
355 3260 637 3344 aquodammodo
653 3261 776 3325 similes
793 3265 867 3323 sunt
854 3259 981 3323 saltari
1005 3259 1053 3323 illi
1069 3259 1238 3322 verborum
1254 3277 1336 3322 oom-

182 3311 386 3424 llositoruni
418 3359 514 3423 olassi
549 3358 715 3438 subtiliori,
751 3357 825 3439 quia
859 3356 892 3419 in
922 3357 1063 3438 utrisque
1092 3376 1133 3419 no
1135 3356 1179 3420 tio
1213 3361 1336 3419 tantum

182 3438 316 3531 illilus
335 3457 426 3522 verbi
454 3454 603 3521 definitur
632 3456 796 3538 praeposit
798 3455 888 3533 ione,
918 3474 982 3518 non
1012 3454 1108 3533 ratio,
1139 3471 1220 3535 quae
1242 3452 1337 3515 inter·

182 3536 187 3649 Ξ
241 3605 416 3632 N...-

182 3686 187 3811 Ξ
292 3716 309 3779 ³)
323 3720 443 3776 Adiciam
460 3721 513 3775 hoo
531 3721 626 3786 looo‚'
618 3720 865 3787 rnGraeoalingua
878 3717 1030 3786 composita
1048 3730 1089 3780 oa,
1107 3730 1221 3782 quorum
1238 3714 1304 3768 vel
1297 3731 1338 3767 rn-

182 3824 184 3855 ;
242 3796 333 3853 sossius
349 3801 389 3855 vel
408 3801 494 3855 effeot‘
476 3809 530 3855 tiva
547 3809 589 3855 est
607 3800 781 3869 significatio,
803 3800 863 3853 ideo
881 3797 974 3866 paullo
993 3795 1097 3849 rariora
1123 3811 1181 3849 esse
1207 3811 1287 3865 quam
1311 3795 1339 3848 in

182 3874 184 3879 ’
243 3863 286 3924 aliis
301 3881 454 3946 quibusdam
471 3882 577 3950 linguis,
597 3882 722 3951 quoniam
742 3881 813 3934 idem
831 3879 897 3946 fere,
917 3877 989 3944 quod
1008 3876 1164 3944 composito,
1183 3875 1339 3944 plerumque

243 3895 333 4088 {mplioi
356 3962 457 4017 aoristo
491 3961 564 4015 clare
590 3961 707 4016 indicari
739 3965 787 4029 pot
775 3963 843 4026 test;
879 3919 912 4012 ol.
941 3958 1050 4011 Curtius
1080 3956 1216 4017 „Erlautf‘
1244 3956 1284 4009 ed.
1312 3955 1339 4008 11

289 4039 376 4110 losqq.
