<?xml version="1.0" encoding="UTF-8"?>
<!DOCTYPE html PUBLIC "-//W3C//DTD XHTML 1.0 Transitional//EN"
    "http://www.w3.org/TR/xhtml1/DTD/xhtml1-transitional.dtd">
<html xmlns="http://www.w3.org/1999/xhtml" xml:lang="en" lang="en">
 <head>
  <title>
</title>
<meta http-equiv="Content-Type" content="text/html;charset=utf-8" />
  <meta name='ocr-system' content='tesseract 3.04.00' />
  <meta name='ocr-capabilities' content='ocr_page ocr_carea ocr_par ocr_line ocrx_word'/>
</head>
<body>
  <div class='ocr_page' id='page_1' title='image "./studienzurgriec01curtgoog_0127.png"; bbox 0 0 3442 5359; ppageno 0'>
   <div class='ocr_carea' id='block_1_1' title="bbox 650 795 1394 867">
    <p class='ocr_par' dir='ltr' id='par_1_1' title="bbox 650 795 1394 867">
     <span class='ocr_line' id='line_1_1' title="bbox 650 795 1394 867; baseline 0.009 -15"><span class='ocrx_word' id='word_1_1' title='bbox 650 798 684 852; x_wconf 86' lang='lat' dir='ltr'>de</span> <span class='ocrx_word' id='word_1_2' title='bbox 701 798 903 867; x_wconf 79' lang='lat' dir='ltr'>praepositione</span> <span class='ocrx_word' id='word_1_3' title='bbox 919 795 997 867; x_wconf 80' lang='grc' dir='ltr'><em>μετά.</em></span> <span class='ocrx_word' id='word_1_4' title='bbox 1334 798 1394 858; x_wconf 87' lang='grc'>117</span> 
     </span>
    </p>
   </div>
   <div class='ocr_carea' id='block_1_2' title="bbox 278 969 1435 4471">
    <p class='ocr_par' dir='ltr' id='par_1_2' title="bbox 278 969 1394 1156">
     <span class='ocr_line' id='line_1_2' title="bbox 278 969 1392 1056; baseline 0.004 -22"><span class='ocrx_word' id='word_1_5' title='bbox 278 969 385 1035; x_wconf 70' lang='lat' dir='ltr'>ratius</span> <span class='ocrx_word' id='word_1_6' title='bbox 407 970 651 1038; x_wconf 82' lang='lat' dir='ltr'>constituendae</span> <span class='ocrx_word' id='word_1_7' title='bbox 673 971 795 1053; x_wconf 90' lang='lat' dir='ltr'>aliquid</span> <span class='ocrx_word' id='word_1_8' title='bbox 824 970 900 1036; x_wconf 89' lang='lat' dir='ltr'>novi</span> <span class='ocrx_word' id='word_1_9' title='bbox 922 973 1045 1038; x_wconf 89' lang='lat' dir='ltr'>afferat.</span> <span class='ocrx_word' id='word_1_10' title='bbox 1090 972 1183 1053; x_wconf 91' lang='lat' dir='ltr'>Mihi,</span> <span class='ocrx_word' id='word_1_11' title='bbox 1214 973 1299 1056; x_wconf 91' lang='lat' dir='ltr'>quod</span> <span class='ocrx_word' id='word_1_12' title='bbox 1329 976 1392 1039; x_wconf 91' lang='lat' dir='ltr'>iam</span> 
     </span>
     <span class='ocr_line' id='line_1_3' title="bbox 278 1067 1394 1156; baseline 0.007 -26"><span class='ocrx_word' id='word_1_13' title='bbox 278 1067 348 1147; x_wconf 85' lang='lat' dir='ltr'>xi,</span> <span class='ocrx_word' id='word_1_14' title='bbox 369 1067 458 1133; x_wconf 90' lang='lat' dir='ltr'>aliud</span> <span class='ocrx_word' id='word_1_15' title='bbox 481 1069 587 1152; x_wconf 87' lang='lat' dir='ltr'>potius</span> <span class='ocrx_word' id='word_1_16' title='bbox 609 1069 775 1134; x_wconf 90' lang='lat' dir='ltr'>consilium</span> <span class='ocrx_word' id='word_1_17' title='bbox 800 1075 856 1148; x_wconf 87' lang='lat' dir='ltr'>est,</span> <span class='ocrx_word' id='word_1_18' title='bbox 880 1077 915 1134; x_wconf 93' lang='lat' dir='ltr'>ut</span> <span class='ocrx_word' id='word_1_19' title='bbox 936 1071 1125 1154; x_wconf 89' lang='lat' dir='ltr'>aprimaria</span> <span class='ocrx_word' id='word_1_20' title='bbox 1146 1071 1394 1156; x_wconf 79' lang='lat' dir='ltr'>praepositionis</span> 
     </span>
    </p>

    <p class='ocr_par' dir='ltr' id='par_1_3' title="bbox 278 1166 1420 2912">
     <span class='ocr_line' id='line_1_4' title="bbox 332 1166 1394 1250; baseline 0.005 -20"><span class='ocrx_word' id='word_1_21' title='bbox 332 1166 496 1248; x_wconf 82' lang='lat' dir='ltr'>protectus</span> <span class='ocrx_word' id='word_1_22' title='bbox 526 1168 708 1249; x_wconf 87' lang='lat' dir='ltr'>ostendam,</span> <span class='ocrx_word' id='word_1_23' title='bbox 743 1169 872 1250; x_wconf 88' lang='lat' dir='ltr'>qualem</span> <span class='ocrx_word' id='word_1_24' title='bbox 900 1169 1155 1233; x_wconf 88' lang='lat' dir='ltr'>coniunctionem</span> <span class='ocrx_word' id='word_1_25' title='bbox 1184 1187 1254 1233; x_wconf 89' lang='lat' dir='ltr'>cum</span> <span class='ocrx_word' id='word_1_26' title='bbox 1284 1170 1394 1236; x_wconf 86' lang='lat' dir='ltr'>variae</span> 
     </span>
     <span class='ocr_line' id='line_1_5' title="bbox 278 1263 1394 1350; baseline 0.007 -26"><span class='ocrx_word' id='word_1_27' title='bbox 278 1263 408 1329; x_wconf 70' lang='lat' dir='ltr'>ationis</span> <span class='ocrx_word' id='word_1_28' title='bbox 429 1264 536 1330; x_wconf 86' lang='lat' dir='ltr'>verbis</span> <span class='ocrx_word' id='word_1_29' title='bbox 558 1264 639 1330; x_wconf 89' lang='lat' dir='ltr'>inire</span> <span class='ocrx_word' id='word_1_30' title='bbox 661 1266 718 1330; x_wconf 91' lang='lat' dir='ltr'>illa</span> <span class='ocrx_word' id='word_1_31' title='bbox 740 1267 852 1347; x_wconf 86' lang='lat' dir='ltr'>soleat,</span> <span class='ocrx_word' id='word_1_32' title='bbox 877 1286 1003 1349; x_wconf 88' lang='lat' dir='ltr'>quaque</span> <span class='ocrx_word' id='word_1_33' title='bbox 1025 1267 1149 1331; x_wconf 89' lang='lat' dir='ltr'>ratione</span> <span class='ocrx_word' id='word_1_34' title='bbox 1170 1265 1282 1330; x_wconf 90' lang='lat' dir='ltr'>addita</span> <span class='ocrx_word' id='word_1_35' title='bbox 1303 1286 1394 1350; x_wconf 90' lang='lat' dir='ltr'>prae·</span> 
     </span>
     <span class='ocr_line' id='line_1_6' title="bbox 278 1360 1391 1446; baseline 0.006 -24"><span class='ocrx_word' id='word_1_36' title='bbox 278 1360 426 1428; x_wconf 74' lang='lat' dir='ltr'>asidona</span> <span class='ocrx_word' id='word_1_37' title='bbox 460 1362 616 1446; x_wconf 91' lang='lat' dir='ltr'>simplicis</span> <span class='ocrx_word' id='word_1_38' title='bbox 645 1363 792 1428; x_wconf 87' lang='lat' dir='ltr'>vocabuli</span> <span class='ocrx_word' id='word_1_39' title='bbox 821 1365 871 1428; x_wconf 87' lang='lat' dir='ltr'>vis</span> <span class='ocrx_word' id='word_1_40' title='bbox 908 1372 1003 1446; x_wconf 89' lang='lat' dir='ltr'>atque</span> <span class='ocrx_word' id='word_1_41' title='bbox 1036 1370 1193 1429; x_wconf 83' lang='lat' dir='ltr'>structura</span> <span class='ocrx_word' id='word_1_42' title='bbox 1221 1371 1391 1429; x_wconf 88' lang='lat' dir='ltr'>mutentur.</span> 
     </span>
     <span class='ocr_line' id='line_1_7' title="bbox 278 1459 1392 1545; baseline 0.006 -25"><span class='ocrx_word' id='word_1_43' title='bbox 278 1461 446 1525; x_wconf 89' lang='lat' dir='ltr'>stantem</span> <span class='ocrx_word' id='word_1_44' title='bbox 468 1459 512 1526; x_wconf 91' lang='lat' dir='ltr'>ad</span> <span class='ocrx_word' id='word_1_45' title='bbox 535 1461 620 1525; x_wconf 92' lang='lat' dir='ltr'>hanc</span> <span class='ocrx_word' id='word_1_46' title='bbox 634 1481 700 1526; x_wconf 90' lang='lat' dir='ltr'>rem</span> <span class='ocrx_word' id='word_1_47' title='bbox 717 1461 944 1545; x_wconf 80' lang='lat' dir='ltr'>explicandam</span> <span class='ocrx_word' id='word_1_48' title='bbox 967 1461 1162 1545; x_wconf 88' lang='lat' dir='ltr'>praepositio</span> <span class='ocrx_word' id='word_1_49' title='bbox 1184 1459 1267 1540; x_wconf 82' lang='grc' dir='ltr'><strong><em>μετά</em></strong></span> <span class='ocrx_word' id='word_1_50' title='bbox 1289 1463 1392 1545; x_wconf 90' lang='lat' dir='ltr'>magis</span> 
     </span>
     <span class='ocr_line' id='line_1_8' title="bbox 278 1558 1391 1643; baseline 0.004 -23"><span class='ocrx_word' id='word_1_51' title='bbox 278 1570 364 1620; x_wconf 76' lang='lat' dir='ltr'>uam</span> <span class='ocrx_word' id='word_1_52' title='bbox 392 1559 570 1624; x_wconf 82' lang='lat' dir='ltr'>nonnullae</span> <span class='ocrx_word' id='word_1_53' title='bbox 593 1565 768 1624; x_wconf 90' lang='lat' dir='ltr'>ceterarum</span> <span class='ocrx_word' id='word_1_54' title='bbox 799 1559 934 1640; x_wconf 87' lang='lat' dir='ltr'>idonea,</span> <span class='ocrx_word' id='word_1_55' title='bbox 964 1566 1134 1643; x_wconf 88' lang='lat' dir='ltr'>propterea</span> <span class='ocrx_word' id='word_1_56' title='bbox 1156 1558 1256 1641; x_wconf 83' lang='lat' dir='ltr'>quod,</span> <span class='ocrx_word' id='word_1_57' title='bbox 1283 1580 1391 1641; x_wconf 88' lang='lat' dir='ltr'>qnam·</span> 
     </span>
     <span class='ocr_line' id='line_1_9' title="bbox 278 1656 1391 1738; baseline 0.008 -26"><span class='ocrx_word' id='word_1_58' title='bbox 278 1667 364 1718; x_wconf 89' lang='lat' dir='ltr'>uam</span> <span class='ocrx_word' id='word_1_59' title='bbox 387 1656 463 1720; x_wconf 89' lang='lat' dir='ltr'>eius</span> <span class='ocrx_word' id='word_1_60' title='bbox 478 1675 554 1721; x_wconf 91' lang='lat' dir='ltr'>usus</span> <span class='ocrx_word' id='word_1_61' title='bbox 577 1657 654 1722; x_wconf 90' lang='lat' dir='ltr'>satis</span> <span class='ocrx_word' id='word_1_62' title='bbox 670 1660 777 1722; x_wconf 88' lang='lat' dir='ltr'>varius</span> <span class='ocrx_word' id='word_1_63' title='bbox 800 1664 858 1738; x_wconf 86' lang='lat' dir='ltr'>est,</span> <span class='ocrx_word' id='word_1_64' title='bbox 883 1663 991 1722; x_wconf 89' lang='lat' dir='ltr'>tamen</span> <span class='ocrx_word' id='word_1_65' title='bbox 1014 1677 1176 1738; x_wconf 92' lang='lat' dir='ltr'>nunquam</span> <span class='ocrx_word' id='word_1_66' title='bbox 1200 1656 1265 1722; x_wconf 86' lang='lat' dir='ltr'>lere</span> <span class='ocrx_word' id='word_1_67' title='bbox 1283 1693 1321 1702; x_wconf 91' lang='lat'><em>—</em></span> <span class='ocrx_word' id='word_1_68' title='bbox 1338 1677 1391 1723; x_wconf 84' lang='lat' dir='ltr'>ex-</span> 
     </span>
     <span class='ocr_line' id='line_1_10' title="bbox 278 1753 1390 1837; baseline 0.007 -25"><span class='ocrx_word' id='word_1_69' title='bbox 278 1755 360 1828; x_wconf 73' lang='lat' dir='ltr'>apto</span> <span class='ocrx_word' id='word_1_70' title='bbox 388 1773 450 1818; x_wconf 92' lang='lat' dir='ltr'>uno</span> <span class='ocrx_word' id='word_1_71' title='bbox 482 1753 621 1836; x_wconf 89' lang='lat' dir='ltr'>quodam</span> <span class='ocrx_word' id='word_1_72' title='bbox 650 1774 725 1819; x_wconf 89' lang='lat' dir='ltr'>usus</span> <span class='ocrx_word' id='word_1_73' title='bbox 753 1774 872 1836; x_wconf 89' lang='lat' dir='ltr'>genere</span> <span class='ocrx_word' id='word_1_74' title='bbox 895 1789 933 1799; x_wconf 87' lang='lat'>—</span> <span class='ocrx_word' id='word_1_75' title='bbox 956 1755 989 1819; x_wconf 95' lang='lat' dir='ltr'>in</span> <span class='ocrx_word' id='word_1_76' title='bbox 1021 1774 1061 1820; x_wconf 92' lang='lat' dir='ltr'>ea</span> <span class='ocrx_word' id='word_1_77' title='bbox 1086 1755 1215 1837; x_wconf 91' lang='lat' dir='ltr'>propria</span> <span class='ocrx_word' id='word_1_78' title='bbox 1238 1755 1286 1819; x_wconf 91' lang='lat' dir='ltr'>vis</span> <span class='ocrx_word' id='word_1_79' title='bbox 1308 1754 1390 1820; x_wconf 90' lang='lat' dir='ltr'>adeo</span> 
     </span>
     <span class='ocr_line' id='line_1_11' title="bbox 278 1845 1390 1934; baseline 0.011 -28"><span class='ocrx_word' id='word_1_80' title='bbox 278 1845 421 1932; x_wconf 78' lang='lat' dir='ltr'>amatur,</span> <span class='ocrx_word' id='word_1_81' title='bbox 450 1859 486 1916; x_wconf 93' lang='lat' dir='ltr'>ut</span> <span class='ocrx_word' id='word_1_82' title='bbox 509 1851 654 1931; x_wconf 82' lang='lat' dir='ltr'>vixdum,</span> <span class='ocrx_word' id='word_1_83' title='bbox 679 1873 740 1934; x_wconf 90' lang='lat' dir='ltr'>quo</span> <span class='ocrx_word' id='word_1_84' title='bbox 763 1853 891 1917; x_wconf 83' lang='lat' dir='ltr'>vinculo</span> <span class='ocrx_word' id='word_1_85' title='bbox 914 1853 1060 1934; x_wconf 86' lang='lat' dir='ltr'>singulae</span> <span class='ocrx_word' id='word_1_86' title='bbox 1083 1853 1229 1918; x_wconf 91' lang='lat' dir='ltr'>notiones</span> <span class='ocrx_word' id='word_1_87' title='bbox 1251 1853 1334 1917; x_wconf 89' lang='lat' dir='ltr'>inter</span> <span class='ocrx_word' id='word_1_88' title='bbox 1355 1872 1390 1918; x_wconf 88' lang='lat' dir='ltr'>sc</span> 
     </span>
     <span class='ocr_line' id='line_1_12' title="bbox 278 1939 1390 2032; baseline 0.007 -27"><span class='ocrx_word' id='word_1_89' title='bbox 278 1939 327 2007; x_wconf 71' lang='lat' dir='ltr'>int</span> <span class='ocrx_word' id='word_1_90' title='bbox 352 1948 610 2031; x_wconf 88' lang='lat' dir='ltr'>coniungendae,</span> <span class='ocrx_word' id='word_1_91' title='bbox 634 1949 815 2032; x_wconf 86' lang='lat' dir='ltr'>perspicere</span> <span class='ocrx_word' id='word_1_92' title='bbox 838 1950 949 2030; x_wconf 88' lang='lat' dir='ltr'>liceat;</span> <span class='ocrx_word' id='word_1_93' title='bbox 978 1949 1101 2015; x_wconf 90' lang='lat' dir='ltr'>medius</span> <span class='ocrx_word' id='word_1_94' title='bbox 1124 1957 1172 2016; x_wconf 90' lang='lat' dir='ltr'>est</span> <span class='ocrx_word' id='word_1_95' title='bbox 1194 1951 1278 2016; x_wconf 91' lang='lat' dir='ltr'>enim</span> <span class='ocrx_word' id='word_1_96' title='bbox 1307 1946 1390 2030; x_wconf 84' lang='grc' dir='ltr'><em>μετά</em></span> 
     </span>
     <span class='ocr_line' id='line_1_13' title="bbox 280 2044 1389 2132; baseline 0.006 -28"><span class='ocrx_word' id='word_1_97' title='bbox 280 2045 512 2128; x_wconf 85' lang='lat' dir='ltr'>raepositicnis</span> <span class='ocrx_word' id='word_1_98' title='bbox 541 2067 617 2112; x_wconf 90' lang='lat' dir='ltr'>usus</span> <span class='ocrx_word' id='word_1_99' title='bbox 644 2048 728 2114; x_wconf 92' lang='lat' dir='ltr'>inter</span> <span class='ocrx_word' id='word_1_100' title='bbox 749 2048 1036 2132; x_wconf 89' lang='lat' dir='ltr'>simplicissimum,</span> <span class='ocrx_word' id='word_1_101' title='bbox 1066 2048 1174 2129; x_wconf 89' lang='lat' dir='ltr'>quiin</span> <span class='ocrx_word' id='word_1_102' title='bbox 1198 2044 1231 2111; x_wconf 79' lang='grc' dir='ltr'>ἒν</span> <span class='ocrx_word' id='word_1_103' title='bbox 1254 2066 1389 2131; x_wconf 90' lang='lat' dir='ltr'>praepo-</span> 
     </span>
     <span class='ocr_line' id='line_1_14' title="bbox 278 2129 1420 2227; baseline 0.004 -25"><span class='ocrx_word' id='word_1_104' title='bbox 278 2129 381 2207; x_wconf 79' lang='lat' dir='ltr'>ltioue</span> <span class='ocrx_word' id='word_1_105' title='bbox 403 2143 539 2225; x_wconf 90' lang='lat' dir='ltr'>aliisque</span> <span class='ocrx_word' id='word_1_106' title='bbox 562 2146 673 2227; x_wconf 85' lang='lat' dir='ltr'>paucis</span> <span class='ocrx_word' id='word_1_107' title='bbox 689 2147 837 2225; x_wconf 85' lang='lat' dir='ltr'>cernitur,</span> <span class='ocrx_word' id='word_1_108' title='bbox 862 2153 893 2211; x_wconf 93' lang='lat' dir='ltr'>et</span> <span class='ocrx_word' id='word_1_109' title='bbox 913 2145 1182 2211; x_wconf 81' lang='lat' dir='ltr'>contentissimum</span> <span class='ocrx_word' id='word_1_110' title='bbox 1205 2145 1297 2209; x_wconf 92' lang='lat' dir='ltr'>illum</span> <span class='ocrx_word' id='word_1_111' title='bbox 1321 2143 1387 2221; x_wconf 77' lang='grc' dir='ltr'><strong><em>ἐπί,</em></strong></span> <span class='ocrx_word' id='word_1_112' title='bbox 1418 2212 1420 2216; x_wconf 53' lang='grc'>,</span> 
     </span>
     <span class='ocr_line' id='line_1_15' title="bbox 278 2235 1402 2325; baseline 0.007 -25"><span class='ocrx_word' id='word_1_113' title='bbox 278 2235 357 2315; x_wconf 58' lang='grc' dir='ltr'><em>ἀτά,</em></span> <span class='ocrx_word' id='word_1_114' title='bbox 380 2240 517 2306; x_wconf 90' lang='lat' dir='ltr'>aliarum</span> <span class='ocrx_word' id='word_1_115' title='bbox 539 2263 641 2308; x_wconf 91' lang='lat' dir='ltr'>usum.</span> <span class='ocrx_word' id='word_1_116' title='bbox 680 2243 813 2309; x_wconf 86' lang='lat' dir='ltr'>Accedit</span> <span class='ocrx_word' id='word_1_117' title='bbox 835 2242 931 2325; x_wconf 89' lang='lat' dir='ltr'>quod,</span> <span class='ocrx_word' id='word_1_118' title='bbox 955 2263 1025 2307; x_wconf 91' lang='lat' dir='ltr'>cum</span> <span class='ocrx_word' id='word_1_119' title='bbox 1048 2244 1278 2308; x_wconf 86' lang='lat' dir='ltr'>eMommseni</span> <span class='ocrx_word' id='word_1_120' title='bbox 1294 2237 1402 2325; x_wconf 80' lang='lat' dir='ltr'>quae‘</span> 
     </span>
     <span class='ocr_line' id='line_1_16' title="bbox 278 2325 1388 2425; baseline 0.006 -28"><span class='ocrx_word' id='word_1_121' title='bbox 278 2325 370 2402; x_wconf 69' lang='lat' dir='ltr'>»tione</span> <span class='ocrx_word' id='word_1_122' title='bbox 390 2337 473 2420; x_wconf 81' lang='grc' dir='ltr'><em>μετά</em></span> <span class='ocrx_word' id='word_1_123' title='bbox 496 2360 566 2404; x_wconf 91' lang='lat' dir='ltr'>cum</span> <span class='ocrx_word' id='word_1_124' title='bbox 589 2342 739 2422; x_wconf 87' lang='lat' dir='ltr'>genetivo</span> <span class='ocrx_word' id='word_1_125' title='bbox 762 2341 965 2406; x_wconf 90' lang='lat' dir='ltr'>coniunctum</span> <span class='ocrx_word' id='word_1_126' title='bbox 991 2342 1120 2425; x_wconf 89' lang='lat' dir='ltr'>optima,</span> <span class='ocrx_word' id='word_1_127' title='bbox 1144 2360 1227 2423; x_wconf 90' lang='lat' dir='ltr'>quae</span> <span class='ocrx_word' id='word_1_128' title='bbox 1248 2352 1388 2422; x_wconf 87' lang='lat' dir='ltr'>vocatur,</span> 
     </span>
     <span class='ocr_line' id='line_1_17' title="bbox 278 2421 1395 2523; baseline 0.008 -28"><span class='ocrx_word' id='word_1_129' title='bbox 278 2421 438 2500; x_wconf 79' lang='lat' dir='ltr'>tttioorum</span> <span class='ocrx_word' id='word_1_130' title='bbox 461 2444 569 2503; x_wconf 88' lang='lat' dir='ltr'>aetate</span> <span class='ocrx_word' id='word_1_131' title='bbox 591 2460 656 2504; x_wconf 92' lang='lat' dir='ltr'>non</span> <span class='ocrx_word' id='word_1_132' title='bbox 678 2441 783 2505; x_wconf 91' lang='lat' dir='ltr'>minus</span> <span class='ocrx_word' id='word_1_133' title='bbox 798 2458 951 2522; x_wconf 81' lang='lat' dir='ltr'>regnasse</span> <span class='ocrx_word' id='word_1_134' title='bbox 966 2446 1090 2505; x_wconf 91' lang='lat' dir='ltr'>constet</span> <span class='ocrx_word' id='word_1_135' title='bbox 1111 2438 1198 2521; x_wconf 93' lang='lat' dir='ltr'>apud</span> <span class='ocrx_word' id='word_1_136' title='bbox 1219 2439 1395 2523; x_wconf 89' lang='lat' dir='ltr'>scriptores-</span> 
     </span>
     <span class='ocr_line' id='line_1_18' title="bbox 278 2533 1388 2621; baseline 0 -22"><span class='ocrx_word' id='word_1_137' title='bbox 278 2539 379 2599; x_wconf 70' lang='lat' dir='ltr'>lrosae</span> <span class='ocrx_word' id='word_1_138' title='bbox 401 2536 554 2600; x_wconf 87' lang='lat' dir='ltr'>orationis</span> <span class='ocrx_word' id='word_1_139' title='bbox 577 2556 672 2618; x_wconf 89' lang='lat' dir='ltr'>quam</span> <span class='ocrx_word' id='word_1_140' title='bbox 695 2535 782 2621; x_wconf 89' lang='lat' dir='ltr'>apud</span> <span class='ocrx_word' id='word_1_141' title='bbox 804 2543 916 2621; x_wconf 77' lang='lat' dir='ltr'>podtas</span> <span class='ocrx_word' id='word_1_142' title='bbox 938 2544 1034 2620; x_wconf 89' lang='lat' dir='ltr'>atque</span> <span class='ocrx_word' id='word_1_143' title='bbox 1057 2536 1307 2619; x_wconf 86' lang='lat' dir='ltr'>Xenophontem</span> <span class='ocrx_word' id='word_1_144' title='bbox 1330 2533 1388 2601; x_wconf 82' lang='grc' dir='ltr'>σὺν</span> 
     </span>
     <span class='ocr_line' id='line_1_19' title="bbox 278 2624 1390 2716; baseline 0.004 -23"><span class='ocrx_word' id='word_1_145' title='bbox 278 2624 379 2695; x_wconf 63' lang='lat' dir='ltr'>3adem</span> <span class='ocrx_word' id='word_1_146' title='bbox 400 2633 432 2696; x_wconf 92' lang='lat' dir='ltr'>vi</span> <span class='ocrx_word' id='word_1_147' title='bbox 454 2642 657 2716; x_wconf 84' lang='lat' dir='ltr'>usurpatum,</span> <span class='ocrx_word' id='word_1_148' title='bbox 688 2641 773 2701; x_wconf 91' lang='lat' dir='ltr'>certe</span> <span class='ocrx_word' id='word_1_149' title='bbox 802 2635 868 2700; x_wconf 90' lang='lat' dir='ltr'>iam</span> <span class='ocrx_word' id='word_1_150' title='bbox 890 2635 1021 2700; x_wconf 84' lang='lat' dir='ltr'>maximi</span> <span class='ocrx_word' id='word_1_151' title='bbox 1043 2635 1195 2700; x_wconf 87' lang='lat' dir='ltr'>momenti</span> <span class='ocrx_word' id='word_1_152' title='bbox 1218 2641 1267 2700; x_wconf 89' lang='lat' dir='ltr'>est</span> <span class='ocrx_word' id='word_1_153' title='bbox 1288 2633 1390 2715; x_wconf 91' lang='lat' dir='ltr'>inqui·</span> 
     </span>
     <span class='ocr_line' id='line_1_20' title="bbox 278 2731 1390 2807; baseline 0.002 -13"><span class='ocrx_word' id='word_1_154' title='bbox 278 2733 355 2807; x_wconf 69' lang='lat' dir='ltr'>rere,</span> <span class='ocrx_word' id='word_1_155' title='bbox 384 2751 458 2794; x_wconf 89' lang='lat' dir='ltr'>num</span> <span class='ocrx_word' id='word_1_156' title='bbox 488 2732 567 2796; x_wconf 93' lang='lat' dir='ltr'>satis</span> <span class='ocrx_word' id='word_1_157' title='bbox 596 2732 677 2796; x_wconf 90' lang='lat' dir='ltr'>mira</span> <span class='ocrx_word' id='word_1_158' title='bbox 705 2731 785 2798; x_wconf 92' lang='lat' dir='ltr'>haec</span> <span class='ocrx_word' id='word_1_159' title='bbox 807 2752 885 2799; x_wconf 89' lang='lat' dir='ltr'>usus</span> <span class='ocrx_word' id='word_1_160' title='bbox 908 2732 1090 2800; x_wconf 86' lang='lat' dir='ltr'>differentia</span> <span class='ocrx_word' id='word_1_161' title='bbox 1113 2733 1209 2797; x_wconf 86' lang='lat' dir='ltr'>etiam</span> <span class='ocrx_word' id='word_1_162' title='bbox 1232 2732 1274 2795; x_wconf 90' lang='lat' dir='ltr'>ad</span> <span class='ocrx_word' id='word_1_163' title='bbox 1297 2751 1390 2796; x_wconf 85' lang='lat' dir='ltr'>roca·</span> 
     </span>
     <span class='ocr_line' id='line_1_21' title="bbox 278 2807 760 2912; baseline 0.019 -27"><span class='ocrx_word' id='word_1_164' title='bbox 278 2807 347 2885; x_wconf 81' lang='lat' dir='ltr'>bula</span> <span class='ocrx_word' id='word_1_165' title='bbox 366 2828 540 2910; x_wconf 90' lang='lat' dir='ltr'>composita</span> <span class='ocrx_word' id='word_1_166' title='bbox 560 2827 760 2912; x_wconf 87' lang='lat' dir='ltr'>pertinuerit.</span> 
     </span>
    </p>

    <p class='ocr_par' dir='ltr' id='par_1_4' title="bbox 279 2922 1435 4181">
     <span class='ocr_line' id='line_1_22' title="bbox 355 2922 1389 3010; baseline 0.001 -22"><span class='ocrx_word' id='word_1_167' title='bbox 355 2922 427 2990; x_wconf 83' lang='lat' dir='ltr'>llum</span> <span class='ocrx_word' id='word_1_168' title='bbox 460 2931 568 2991; x_wconf 91' lang='lat' dir='ltr'>autem</span> <span class='ocrx_word' id='word_1_169' title='bbox 603 2925 735 3008; x_wconf 88' lang='lat' dir='ltr'>longum</span> <span class='ocrx_word' id='word_1_170' title='bbox 769 2926 918 2993; x_wconf 90' lang='lat' dir='ltr'>videatur</span> <span class='ocrx_word' id='word_1_171' title='bbox 952 2926 1200 3010; x_wconf 87' lang='lat' dir='ltr'>praepositionis</span> <span class='ocrx_word' id='word_1_172' title='bbox 1236 2923 1318 3005; x_wconf 83' lang='grc' dir='ltr'><em>μετά</em></span> <span class='ocrx_word' id='word_1_173' title='bbox 1355 2925 1389 2989; x_wconf 93' lang='lat' dir='ltr'>in</span> 
     </span>
     <span class='ocr_line' id='line_1_23' title="bbox 279 3020 1388 3108; baseline 0.005 -27"><span class='ocrx_word' id='word_1_174' title='bbox 279 3020 430 3088; x_wconf 81' lang='lat' dir='ltr'>vocabulis</span> <span class='ocrx_word' id='word_1_175' title='bbox 462 3022 646 3106; x_wconf 90' lang='lat' dir='ltr'>compositis</span> <span class='ocrx_word' id='word_1_176' title='bbox 676 3044 766 3089; x_wconf 91' lang='lat' dir='ltr'>usum</span> <span class='ocrx_word' id='word_1_177' title='bbox 795 3024 952 3108; x_wconf 85' lang='lat' dir='ltr'>exemplis</span> <span class='ocrx_word' id='word_1_178' title='bbox 985 3025 1121 3108; x_wconf 88' lang='lat' dir='ltr'>probare</span> <span class='ocrx_word' id='word_1_179' title='bbox 1149 3042 1167 3087; x_wconf 92' lang='lat' dir='ltr'>e</span> <span class='ocrx_word' id='word_1_180' title='bbox 1195 3028 1262 3086; x_wconf 90' lang='lat' dir='ltr'>tota</span> <span class='ocrx_word' id='word_1_181' title='bbox 1291 3021 1388 3087; x_wconf 82' lang='lat' dir='ltr'>Grae·</span> 
     </span>
     <span class='ocr_line' id='line_1_24' title="bbox 280 3103 1390 3205; baseline 0.007 -29"><span class='ocrx_word' id='word_1_182' title='bbox 280 3103 364 3182; x_wconf 74' lang='lat' dir='ltr'>ritate</span> <span class='ocrx_word' id='word_1_183' title='bbox 392 3120 534 3201; x_wconf 87' lang='lat' dir='ltr'>collatis,</span> <span class='ocrx_word' id='word_1_184' title='bbox 573 3121 761 3204; x_wconf 88' lang='lat' dir='ltr'>plerumque</span> <span class='ocrx_word' id='word_1_185' title='bbox 794 3122 866 3188; x_wconf 92' lang='lat' dir='ltr'>sola</span> <span class='ocrx_word' id='word_1_186' title='bbox 898 3121 1048 3205; x_wconf 85' lang='lat' dir='ltr'>exempla</span> <span class='ocrx_word' id='word_1_187' title='bbox 1081 3141 1121 3186; x_wconf 86' lang='lat' dir='ltr'>ex</span> <span class='ocrx_word' id='word_1_188' title='bbox 1149 3118 1302 3203; x_wconf 85' lang='lat' dir='ltr'>Euripide</span> <span class='ocrx_word' id='word_1_189' title='bbox 1336 3119 1390 3184; x_wconf 89' lang='lat' dir='ltr'>de·</span> 
     </span>
     <span class='ocr_line' id='line_1_25' title="bbox 281 3216 1390 3311; baseline 0.002 -33"><span class='ocrx_word' id='word_1_190' title='bbox 281 3216 412 3311; x_wconf 66' lang='lat' dir='ltr'>lrompta</span> <span class='ocrx_word' id='word_1_191' title='bbox 434 3238 613 3304; x_wconf 90' lang='lat' dir='ltr'>apponam,</span> <span class='ocrx_word' id='word_1_192' title='bbox 644 3239 706 3302; x_wconf 90' lang='lat' dir='ltr'>quo</span> <span class='ocrx_word' id='word_1_193' title='bbox 729 3220 824 3285; x_wconf 91' lang='lat' dir='ltr'>simul</span> <span class='ocrx_word' id='word_1_194' title='bbox 852 3227 885 3284; x_wconf 89' lang='lat' dir='ltr'>et</span> <span class='ocrx_word' id='word_1_195' title='bbox 905 3219 988 3284; x_wconf 93' lang='lat' dir='ltr'>illud</span> <span class='ocrx_word' id='word_1_196' title='bbox 1013 3219 1183 3300; x_wconf 89' lang='lat' dir='ltr'>efficiatur,</span> <span class='ocrx_word' id='word_1_197' title='bbox 1212 3223 1247 3282; x_wconf 90' lang='lat' dir='ltr'>ut</span> <span class='ocrx_word' id='word_1_198' title='bbox 1276 3217 1390 3282; x_wconf 89' lang='lat' dir='ltr'>notitia</span> 
     </span>
     <span class='ocr_line' id='line_1_26' title="bbox 281 3313 1388 3401; baseline 0.002 -25"><span class='ocrx_word' id='word_1_199' title='bbox 281 3313 435 3388; x_wconf 66' lang='lat' dir='ltr'>slfigularis</span> <span class='ocrx_word' id='word_1_200' title='bbox 451 3316 556 3398; x_wconf 90' lang='lat' dir='ltr'>qualis</span> <span class='ocrx_word' id='word_1_201' title='bbox 571 3317 659 3401; x_wconf 91' lang='lat' dir='ltr'>apud</span> <span class='ocrx_word' id='word_1_202' title='bbox 681 3317 851 3400; x_wconf 90' lang='lat' dir='ltr'>scriptores</span> <span class='ocrx_word' id='word_1_203' title='bbox 873 3317 967 3383; x_wconf 86' lang='lat' dir='ltr'>fuerit</span> <span class='ocrx_word' id='word_1_204' title='bbox 990 3338 1064 3383; x_wconf 91' lang='lat' dir='ltr'>usus</span> <span class='ocrx_word' id='word_1_205' title='bbox 1080 3317 1207 3383; x_wconf 90' lang='lat' dir='ltr'>dicendi</span> <span class='ocrx_word' id='word_1_206' title='bbox 1223 3321 1388 3398; x_wconf 91' lang='lat' dir='ltr'>angeatur.</span> 
     </span>
     <span class='ocr_line' id='line_1_27' title="bbox 282 3390 1389 3499; baseline 0.011 -35"><span class='ocrx_word' id='word_1_207' title='bbox 282 3390 434 3492; x_wconf 73' lang='lat' dir='ltr'>Euripides</span> <span class='ocrx_word' id='word_1_208' title='bbox 462 3420 570 3479; x_wconf 91' lang='lat' dir='ltr'>autem</span> <span class='ocrx_word' id='word_1_209' title='bbox 598 3415 673 3481; x_wconf 92' lang='lat' dir='ltr'>ideo</span> <span class='ocrx_word' id='word_1_210' title='bbox 701 3414 840 3480; x_wconf 83' lang='lat' dir='ltr'>maxime</span> <span class='ocrx_word' id='word_1_211' title='bbox 862 3415 997 3480; x_wconf 89' lang='lat' dir='ltr'>idoneus</span> <span class='ocrx_word' id='word_1_212' title='bbox 1019 3414 1061 3480; x_wconf 90' lang='lat' dir='ltr'>ad</span> <span class='ocrx_word' id='word_1_213' title='bbox 1082 3416 1187 3499; x_wconf 88' lang='lat' dir='ltr'>ipsam</span> <span class='ocrx_word' id='word_1_214' title='bbox 1215 3415 1299 3479; x_wconf 92' lang='lat' dir='ltr'>hanc</span> <span class='ocrx_word' id='word_1_215' title='bbox 1321 3432 1389 3477; x_wconf 90' lang='lat' dir='ltr'>rem</span> 
     </span>
     <span class='ocr_line' id='line_1_28' title="bbox 283 3503 1435 3605; baseline 0.001 -31"><span class='ocrx_word' id='word_1_216' title='bbox 283 3503 325 3561; x_wconf 64' lang='lat' dir='ltr'>iii</span> <span class='ocrx_word' id='word_1_217' title='bbox 343 3509 437 3592; x_wconf 88' lang='lat' dir='ltr'>visus,</span> <span class='ocrx_word' id='word_1_218' title='bbox 468 3512 544 3595; x_wconf 89' lang='lat' dir='ltr'>quia</span> <span class='ocrx_word' id='word_1_219' title='bbox 565 3513 634 3577; x_wconf 91' lang='lat' dir='ltr'>eius</span> <span class='ocrx_word' id='word_1_220' title='bbox 656 3531 776 3595; x_wconf 85' lang='lat' dir='ltr'>sermo,</span> <span class='ocrx_word' id='word_1_221' title='bbox 800 3513 946 3595; x_wconf 86' lang='lat' dir='ltr'>quamvis</span> <span class='ocrx_word' id='word_1_222' title='bbox 968 3514 1010 3578; x_wconf 92' lang='lat' dir='ltr'>sit</span> <span class='ocrx_word' id='word_1_223' title='bbox 1031 3514 1190 3596; x_wconf 76' lang='lat' dir='ltr'>poeticus,</span> <span class='ocrx_word' id='word_1_224' title='bbox 1217 3519 1324 3577; x_wconf 87' lang='lat' dir='ltr'>tamen</span> <span class='ocrx_word' id='word_1_225' title='bbox 1347 3510 1389 3576; x_wconf 89' lang='lat' dir='ltr'>ad</span> <span class='ocrx_word' id='word_1_226' title='bbox 1423 3583 1435 3605; x_wconf 87' lang='lat'><strong>.</strong></span> 
     </span>
     <span class='ocr_line' id='line_1_29' title="bbox 283 3603 1389 3694; baseline 0.003 -25"><span class='ocrx_word' id='word_1_227' title='bbox 283 3603 392 3671; x_wconf 69' lang='lat' dir='ltr'>ll⁰sam</span> <span class='ocrx_word' id='word_1_228' title='bbox 413 3609 591 3674; x_wconf 89' lang='lat' dir='ltr'>orationem</span> <span class='ocrx_word' id='word_1_229' title='bbox 621 3629 659 3674; x_wconf 90' lang='lat' dir='ltr'>ac</span> <span class='ocrx_word' id='word_1_230' title='bbox 687 3630 792 3693; x_wconf 90' lang='lat' dir='ltr'>paene</span> <span class='ocrx_word' id='word_1_231' title='bbox 815 3611 1009 3677; x_wconf 89' lang='lat' dir='ltr'>cotidianam</span> <span class='ocrx_word' id='word_1_232' title='bbox 1032 3612 1164 3694; x_wconf 90' lang='lat' dir='ltr'>propius</span> <span class='ocrx_word' id='word_1_233' title='bbox 1185 3609 1310 3674; x_wconf 91' lang='lat' dir='ltr'>accedit</span> <span class='ocrx_word' id='word_1_234' title='bbox 1331 3609 1389 3672; x_wconf 87' lang='lat' dir='ltr'>ita-</span> 
     </span>
     <span class='ocr_line' id='line_1_30' title="bbox 283 3699 1387 3789; baseline 0 -20"><span class='ocrx_word' id='word_1_235' title='bbox 283 3699 334 3762; x_wconf 65' lang='lat' dir='ltr'>que</span> <span class='ocrx_word' id='word_1_236' title='bbox 364 3703 444 3772; x_wconf 89' lang='lat' dir='ltr'>hanc</span> <span class='ocrx_word' id='word_1_237' title='bbox 477 3726 602 3788; x_wconf 91' lang='lat' dir='ltr'>quoque</span> <span class='ocrx_word' id='word_1_238' title='bbox 636 3707 950 3789; x_wconf 83' lang='lat' dir='ltr'>quodammodo&#39;ex</span> <span class='ocrx_word' id='word_1_239' title='bbox 981 3710 1038 3773; x_wconf 93' lang='lat' dir='ltr'>illo</span> <span class='ocrx_word' id='word_1_240' title='bbox 1072 3725 1264 3789; x_wconf 81' lang='lat' dir='ltr'>cognoscere</span> <span class='ocrx_word' id='word_1_241' title='bbox 1298 3704 1387 3782; x_wconf 77' lang='lat' dir='ltr'>licet3</span> 
     </span>
     <span class='ocr_line' id='line_1_31' title="bbox 283 3794 1391 3890; baseline 0.001 -28"><span class='ocrx_word' id='word_1_242' title='bbox 283 3794 432 3890; x_wconf 65' lang='lat' dir='ltr'>tracterea</span> <span class='ocrx_word' id='word_1_243' title='bbox 453 3803 617 3887; x_wconf 84' lang='lat' dir='ltr'>Euripidis</span> <span class='ocrx_word' id='word_1_244' title='bbox 639 3824 741 3886; x_wconf 89' lang='lat' dir='ltr'>genus</span> <span class='ocrx_word' id='word_1_245' title='bbox 764 3805 893 3871; x_wconf 90' lang='lat' dir='ltr'>dicendi</span> <span class='ocrx_word' id='word_1_246' title='bbox 915 3827 936 3870; x_wconf 87' lang='lat' dir='ltr'>a</span> <span class='ocrx_word' id='word_1_247' title='bbox 957 3806 1045 3870; x_wconf 89' lang='lat' dir='ltr'>nullo</span> <span class='ocrx_word' id='word_1_248' title='bbox 1068 3802 1173 3869; x_wconf 91' lang='lat' dir='ltr'>adhuc</span> <span class='ocrx_word' id='word_1_249' title='bbox 1196 3808 1244 3868; x_wconf 89' lang='lat' dir='ltr'>est</span> <span class='ocrx_word' id='word_1_250' title='bbox 1265 3800 1391 3884; x_wconf 91' lang='lat' dir='ltr'>perqui-</span> 
     </span>
     <span class='ocr_line' id='line_1_32' title="bbox 283 3885 1390 3984; baseline -0.005 -17"><span class='ocrx_word' id='word_1_251' title='bbox 283 3885 360 3959; x_wconf 71' lang='lat' dir='ltr'>iltum</span> <span class='ocrx_word' id='word_1_252' title='bbox 388 3907 418 3967; x_wconf 91' lang='lat' dir='ltr'>et</span> <span class='ocrx_word' id='word_1_253' title='bbox 445 3920 487 3966; x_wconf 92' lang='lat' dir='ltr'>ne</span> <span class='ocrx_word' id='word_1_254' title='bbox 516 3900 643 3966; x_wconf 86' lang='lat' dir='ltr'>lexicon</span> <span class='ocrx_word' id='word_1_255' title='bbox 673 3903 801 3984; x_wconf 88' lang='lat' dir='ltr'>quidem</span> <span class='ocrx_word' id='word_1_256' title='bbox 830 3904 986 3969; x_wconf 89' lang='lat' dir='ltr'>habemus</span> <span class='ocrx_word' id='word_1_257' title='bbox 1013 3899 1230 3984; x_wconf 89' lang='lat' dir='ltr'>Euripideum.</span> <span class='ocrx_word' id='word_1_258' title='bbox 1275 3899 1390 3978; x_wconf 90' lang='lat' dir='ltr'>itaque</span> 
     </span>
     <span class='ocr_line' id='line_1_33' title="bbox 283 3967 1389 4086; baseline 0 -29"><span class='ocrx_word' id='word_1_259' title='bbox 283 3967 399 4085; x_wconf 57' lang='lat' dir='ltr'>flltssse</span> <span class='ocrx_word' id='word_1_260' title='bbox 419 3999 517 4065; x_wconf 89' lang='lat' dir='ltr'>etiam</span> <span class='ocrx_word' id='word_1_261' title='bbox 540 3999 582 4064; x_wconf 92' lang='lat' dir='ltr'>ad</span> <span class='ocrx_word' id='word_1_262' title='bbox 606 4000 762 4065; x_wconf 89' lang='lat' dir='ltr'>sermonis</span> <span class='ocrx_word' id='word_1_263' title='bbox 788 4000 954 4083; x_wconf 79' lang='lat' dir='ltr'>Euripidei</span> <span class='ocrx_word' id='word_1_264' title='bbox 976 3998 1189 4080; x_wconf 87' lang='lat' dir='ltr'>cognitionem</span> <span class='ocrx_word' id='word_1_265' title='bbox 1212 3995 1273 4059; x_wconf 87' lang='lat' dir='ltr'>hac</span> <span class='ocrx_word' id='word_1_266' title='bbox 1294 4013 1389 4086; x_wconf 86' lang='lat' dir='ltr'>quae-</span> 
     </span>
     <span class='ocr_line' id='line_1_34' title="bbox 282 4075 1415 4181; baseline 0.006 -24"><span class='ocrx_word' id='word_1_267' title='bbox 282 4075 369 4156; x_wconf 56' lang='lat' dir='ltr'>tirone</span> <span class='ocrx_word' id='word_1_268' title='bbox 387 4095 508 4178; x_wconf 91' lang='lat' dir='ltr'>aliquid</span> <span class='ocrx_word' id='word_1_269' title='bbox 529 4096 606 4161; x_wconf 86' lang='lat' dir='ltr'>novi</span> <span class='ocrx_word' id='word_1_270' title='bbox 628 4097 735 4163; x_wconf 84' lang='lat' dir='ltr'>afferri</span> <span class='ocrx_word' id='word_1_271' title='bbox 754 4097 882 4181; x_wconf 87' lang='lat' dir='ltr'>poterit.</span> <span class='ocrx_word' id='word_1_272' title='bbox 1413 4178 1415 4180; x_wconf 17' lang='lat'>¹</span> 
     </span>
    </p>

    <p class='ocr_par' dir='ltr' id='par_1_5' title="bbox 283 4185 1389 4471">
     <span class='ocr_line' id='line_1_35' title="bbox 352 4185 1387 4278; baseline 0.001 -25"><span class='ocrx_word' id='word_1_273' title='bbox 352 4185 537 4276; x_wconf 89' lang='lat' dir='ltr'>Priusquam</span> <span class='ocrx_word' id='word_1_274' title='bbox 559 4198 666 4261; x_wconf 92' lang='lat' dir='ltr'>autem</span> <span class='ocrx_word' id='word_1_275' title='bbox 689 4195 732 4260; x_wconf 90' lang='lat' dir='ltr'>ad</span> <span class='ocrx_word' id='word_1_276' title='bbox 760 4197 864 4278; x_wconf 88' lang='lat' dir='ltr'>ipsam</span> <span class='ocrx_word' id='word_1_277' title='bbox 891 4192 931 4258; x_wconf 91' lang='lat' dir='ltr'>de</span> <span class='ocrx_word' id='word_1_278' title='bbox 952 4188 1035 4273; x_wconf 77' lang='lat' dir='ltr'>perd</span> <span class='ocrx_word' id='word_1_279' title='bbox 1057 4191 1276 4274; x_wconf 87' lang='lat' dir='ltr'>quaestionem</span> <span class='ocrx_word' id='word_1_280' title='bbox 1299 4208 1387 4255; x_wconf 89' lang='lat' dir='ltr'>acce-</span> 
     </span>
     <span class='ocr_line' id='line_1_36' title="bbox 283 4260 1389 4375; baseline -0.003 -21"><span class='ocrx_word' id='word_1_281' title='bbox 283 4260 396 4372; x_wconf 51' lang='lat' dir='ltr'>dimus,</span> <span class='ocrx_word' id='word_1_282' title='bbox 416 4291 573 4358; x_wconf 91' lang='lat' dir='ltr'>nonnulla</span> <span class='ocrx_word' id='word_1_283' title='bbox 600 4292 842 4375; x_wconf 90' lang='lat' dir='ltr'>praemonenda</span> <span class='ocrx_word' id='word_1_284' title='bbox 871 4296 945 4356; x_wconf 90' lang='lat' dir='ltr'>sunt</span> <span class='ocrx_word' id='word_1_285' title='bbox 974 4289 1014 4354; x_wconf 92' lang='lat' dir='ltr'>de</span> <span class='ocrx_word' id='word_1_286' title='bbox 1044 4291 1193 4355; x_wconf 89' lang='lat' dir='ltr'>universa</span> <span class='ocrx_word' id='word_1_287' title='bbox 1225 4288 1389 4371; x_wconf 90' lang='lat' dir='ltr'>praeposi·</span> 
     </span>
     <span class='ocr_line' id='line_1_37' title="bbox 283 4364 1387 4471; baseline 0 -23"><span class='ocrx_word' id='word_1_288' title='bbox 283 4364 390 4448; x_wconf 76' lang='lat' dir='ltr'>tlollum</span> <span class='ocrx_word' id='word_1_289' title='bbox 415 4395 530 4455; x_wconf 87' lang='lat' dir='ltr'>natura</span> <span class='ocrx_word' id='word_1_290' title='bbox 558 4409 731 4471; x_wconf 88' lang='lat' dir='ltr'>earumque</span> <span class='ocrx_word' id='word_1_291' title='bbox 759 4409 829 4454; x_wconf 88' lang='lat' dir='ltr'>cum</span> <span class='ocrx_word' id='word_1_292' title='bbox 859 4388 932 4454; x_wconf 87' lang='lat' dir='ltr'>aliis</span> <span class='ocrx_word' id='word_1_293' title='bbox 954 4388 1118 4454; x_wconf 87' lang='lat' dir='ltr'>vocabulis</span> <span class='ocrx_word' id='word_1_294' title='bbox 1147 4385 1387 4469; x_wconf 88' lang='lat' dir='ltr'>compositione.</span> 
     </span>
    </p>
   </div>
   <div class='ocr_carea' id='block_1_3' title="bbox 0 0 1730 5359">
    <p class='ocr_par' dir='ltr' id='par_1_6' title="bbox 0 0 1730 5359">
     <span class='ocr_line' id='line_1_38' title="bbox 0 0 1730 5359; baseline 0 0"><span class='ocrx_word' id='word_1_295' title='bbox 0 0 1730 5359; x_wconf 95' lang='lat' dir='ltr'> </span> 
     </span>
    </p>
   </div>
  </div>
 </body>
</html>
