3442 5359
679 716 727 770 -de
744 717 859 772 dialecto
878 717 1015 771 Boeotico.
1372 721 1412 784 29

291 889 460 972 Brogman,
484 887 578 954 Stud.
593 888 639 953 IV
654 891 712 973 823
736 888 849 970 dauon,
873 888 964 955 Stud.
987 889 1066 954 VIII
1085 893 1175 974 262),
1197 892 1230 958 in
1254 918 1283 959 ει
1305 904 1412 964 autem

290 1007 324 1053 eo
345 993 493 1071 tempore
515 987 649 1054 infuisse
670 991 689 1064 ξ
713 988 1005 1072 pronuntiationem
1029 1007 1158 1072 prorsus
1180 991 1258 1056 mihi
1284 1014 1413 1076 persua-

289 1106 354 1150 sum
378 1093 436 1151 est.
482 1087 616 1150 Rectum
646 1085 705 1150 hae
733 1086 766 1150 in
796 1105 831 1151 re
858 1086 940 1151 vidit
963 1087 1179 1170 Brugmanus,
1210 1091 1263 1170 qui
1290 1092 1309 1157 l.
1333 1113 1358 1159 o.
1384 1116 1411 1158 ει

289 1181 533 1268 μοιοφθόγγως
555 1185 721 1260 {sonasse
743 1183 924 1266 arbitratur,
946 1204 1017 1248 oum
1042 1184 1234 1251 Dietn'ohius
1257 1188 1289 1264 (l.
1306 1209 1333 1254 o.
1357 1195 1413 1272 673

288 1281 389 1346 Iahns
412 1281 525 1347 Jahrb.
552 1284 632 1347 1872
661 1303 692 1365 p.
716 1284 769 1358 21)
799 1282 813 1342 i
837 1282 941 1346 vooali
971 1288 1044 1365 post
1073 1293 1087 1344 o
1117 1283 1278 1365 explicata
1305 1287 1338 1351 in
1369 1288 1414 1353 di·

288 1379 488 1462 phthongum
512 1379 545 1444 id
567 1380 686 1445 abiisse
708 1379 869 1445 exIstimet
891 1386 923 1445 et
945 1378 1086 1444 Oauerus
1111 1380 1143 1450 (l.
1167 1400 1193 1445 o.
1218 1384 1291 1459 265)
1314 1384 1357 1449 ad
1379 1385 1412 1450 id

288 1476 444 1542 aeuminis
467 1479 601 1558 venerit,
625 1484 660 1541 ut
676 1496 781 1559 neque
797 1476 1031 1560 diphthongum
1054 1497 1158 1559 nequo
1179 1481 1413 1564 monophthon·

288 1594 360 1656 gum
385 1598 415 1638 ει
438 1574 537 1641 fuisse
559 1574 781 1657 contenderet,
812 1574 871 1640 sed
899 1595 1011 1640 sonum
1042 1574 1201 1656 quendam
1231 1577 1314 1644 inter
1335 1580 1414 1647 inte-

289 1692 375 1752 gram
400 1671 635 1756 diphthongum
659 1681 691 1738 et
711 1672 890 1756 simplioem
913 1673 1056 1738 vooalem
1079 1673 1112 1736 in
1135 1673 1241 1739 medio
1263 1677 1413 1760 positum.

289 1769 445 1834 Nimirum
468 1771 502 1835 hi
525 1771 558 1835 in
582 1791 620 1837 eo
642 1776 765 1852 errant,
795 1769 881 1852 quod
910 1793 938 1834 ει
968 1770 1072 1834 vocali
1096 1778 1127 1835 et
1151 1794 1179 1834 ει
1203 1772 1412 1858 diphthongo,

289 1887 356 1932 oum
394 1867 509 1934 eodem
546 1869 637 1951 signo
675 1866 711 1932 ΕΙ
750 1875 913 1949 notentur,
951 1888 1079 1952 prorsus
1112 1868 1198 1935 idem
1235 1891 1332 1937 sonus
1368 1873 1414 1937 in-

289 1966 427 2032 haeserit
463 1984 594 2032 neeesse
630 1985 702 2032 esse
734 1967 795 2032 sihi
831 1965 972 2048 fingunt,
1009 1966 1042 2031 id
1079 1967 1164 2049 quod
1197 1989 1262 2033 non
1298 1970 1343 2034 ita
1379 1991 1413 2036 se

290 2064 408 2130 habere
438 2083 478 2130 ex
506 2063 577 2149 ipsa
604 2064 716 2148 lingua
744 2070 850 2148 potest
879 2064 1100 2130 demonstrari.
1146 2065 1197 2129 Fit
1224 2067 1309 2132 enirn
1333 2088 1359 2134 e.
1382 2089 1412 2153 g.

290 2162 506 2227 eontraetione
541 2183 582 2228 ex
616 2159 792 2242 μισθό-ειι
830 2174 871 2232 (ει
907 2172 988 2236 voe.)
1025 2166 1188 2242 μισθοῦν,
1227 2172 1338 2231 eontra
1374 2186 1414 2232 ex

291 2257 462 2338 μιοθό·εις
485 2265 527 2338 (ει
549 2259 687 2344 diphth.)
709 2261 850 2340 μισθοῖς
874 2281 932 2343 pro
956 2263 1057 2338 (Dor.)
1080 2266 1226 2344 μισθῴς.
1257 2264 1414 2329 Aeourate

290 2357 382 2439 igitur
405 2356 420 2433 ᾇ
446 2363 478 2423 et
499 2358 531 2419 ei
552 2357 798 2442 distinguontur,
820 2377 881 2423 neo
903 2358 965 2423 nisi
987 2358 1121 2440 aptioris
1143 2359 1226 2441 signi
1248 2359 1359 2445 inopia
1380 2362 1414 2425 in

292 2455 430 2536 elonga
462 2455 623 2537 signanda
648 2457 747 2532 Attioi
780 2456 822 2521 ad
856 2457 979 2521 litteras
1014 2455 1049 2520 ΕΙ
1085 2457 1279 2541 refugerunt.
1324 2459 1412 2524 Nihil

291 2560 396 2620 tamen
418 2552 570 2636 Impedit,
601 2573 661 2635 quo
685 2555 790 2619 minus
811 2560 989 2621 statuamus
1013 2578 1043 2618 ει
1066 2554 1314 2638 diphthongum,
1342 2576 1412 2621 oum

292 2659 425 2717 exeunte
447 2652 576 2716 saeculo
599 2652 709 2734 quinto
730 2652 763 2717 in
779 2652 1076 2735 monophthongum
1091 2653 1173 2718 verti
1190 2661 1304 2736 ooepta
1318 2661 1413 2735 esset,

291 2750 321 2814 in
348 2749 491 2815 maxima
512 2755 605 2830 parte
630 2750 859 2815 vocabulorum
882 2749 1056 2815 inclinasse
1077 2750 1120 2814 ad
1142 2753 1161 2826 ι’
1186 2756 1219 2815 et
1239 2751 1415 2833 posteriore

292 2846 417 2912 demum
441 2853 585 2928 tempore
607 2846 691 2911 hune
720 2867 833 2912 sonum
862 2847 965 2929 magis
993 2847 1159 2929 magisque
1187 2846 1306 2913 abiIsse
1333 2848 1367 2912 in
1393 2863 1413 2912 a.

291 2943 380 3009 Hane
403 2943 532 3026 quidem
556 2949 573 3021 ,ο
598 2965 662 3010 non
684 2944 881 3028 respondere
902 2944 950 3008 illi
973 2955 994 3008 o
1017 2945 1090 3025 sed,
1120 2939 1332 3010 ut'aoourata
1360 2943 1414 3009 fiat

290 3042 465 3126 responsio,
488 3042 643 3126 postulari
659 3043 951 3126 pronuntiationem
968 3049 1078 3108 {reete
1094 3041 1235 3107 Gauerus
1251 3043 1284 3119 (l.
1301 3062 1327 3107 ο.
1341 3044 1414 3120 263)

290 3141 429 3221 monuit3
451 3159 556 3223 neque
578 3147 685 3205 tamen
701 3139 805 3222 video,
829 3139 905 3222 quid
924 3139 1042 3204 habeat
1058 3139 1254 3220 offensionis,
1278 3140 1304 3205 si
1327 3141 1415 3224 prius

289 3238 331 3303 ad
353 3237 451 3303 finem
472 3236 657 3320 perducitur
679 3261 705 3300 ω
729 3237 851 3302 voeatis
874 3257 968 3319 quam
990 3261 1009 3320 η
1032 3238 1153 3304 voeatis
1180 3239 1414 3313 extenuatio.²⁰t

288 3372 331 3382 —
359 3336 452 3415 Quae
473 3335 501 3401 si
523 3342 609 3400 reete
631 3354 666 3400 se
687 3334 825 3416 habent,
849 3354 978 3418 prorsus
1001 3335 1102 3401 falsus
1125 3343 1173 3402 est
1195 3336 1414 3418 Westphalius

290 3432 443 3509 (Method.
459 3433 514 3498 Gr.
534 3434 549 3497 I
569 3438 581 3496 1
607 3453 638 3515 p.
656 3436 709 3504 671
733 3433 816 3498 hano
830 3433 1040 3499 mutationem
1062 3434 1414 3517 ,Diphthongisiruug“

289 3551 425 3614 vooans3
456 3529 673 3613 diphthongos
702 3531 787 3596 enim
815 3531 875 3595 illa
901 3533 1061 3599 elementa
1083 3552 1148 3596 non
1171 3532 1268 3597 fuisse
1290 3533 1352 3597 nisi
1374 3551 1415 3596 ex

289 3629 448 3711 scriptura
469 3647 563 3710 spero
586 3628 654 3694 fore
675 3635 710 3693 ut
731 3628 1026 3695 demonstraverim.
1296 3708 1307 3723 .

375 3727 464 3792 Haeo
492 3733 599 3791 autem
628 3726 736 3791 omnia
763 3746 846 3809 quae
875 3725 968 3793 attuli
997 3748 1061 3792 non
1084 3726 1128 3792 ad
1150 3726 1289 3791 Atticam
1317 3725 1415 3791 diale-

290 3830 375 3889 otum
398 3825 500 3889 solam
523 3824 695 3907 pertinent,
717 3824 775 3889 sed
798 3825 894 3890 etiam
917 3845 988 3889 oum
1011 3825 1053 3890 ad
1076 3825 1158 3889 alias
1177 3830 1243 3887 tum
1259 3821 1301 3886 ad
1315 3823 1415 3887 Boeo·

292 3922 397 3987 tieam.
443 3921 483 3986 Id
509 3927 619 3987 tamen
639 3921 772 3988 interest
794 3922 878 3989 inter
899 3922 1043 4005 singulas
1072 3921 1243 3999 dialectos,
1274 3919 1359 4000 quod
1381 3918 1414 3982 in

291 4021 454 4103 plerisque
476 4039 551 4102 pars
573 4026 696 4085 tantum
713 4044 733 4104 η
752 4025 784 4085 et
800 4044 826 4082 ω
842 4020 1001 4084 vooalium
1024 4023 1172 4097 mutatur,
1196 4014 1314 4080 deinde
1329 4014 1413 4097 quod

360 4239 393 4297 ²⁰)
412 4237 588 4291 Praemature
604 4236 727 4305 perfecta
743 4242 785 4292 est
801 4237 849 4291 iila
861 4232 1011 4287 imminutio
1025 4231 1053 4286 in
1067 4232 1125 4286 Att.
1141 4232 1225 4300 χίλιοι
1239 4247 1288 4300 pro
1304 4212 1414 4299 *χᾷλιοι

295 4318 374 4374 Lesb.
390 4317 495 4388 χέλλιοι
513 4321 540 4369 et
557 4317 597 4378 ἴλη
616 4315 738 4384 proeiin
758 4317 822 4371 Dor.
842 4313 911 4368 ἔλλο,
969 4318 971 4321 ’
