3442 5359
596 754 629 809 de
646 754 849 824 praepositione
867 754 946 823 μετά.
1279 754 1339 814 143

298 927 368 992 Noc
400 924 517 992 minus¹
538 925 731 992 adiectivum
766 927 851 1011 quod
885 934 934 993 est
969 925 1245 1006 μετάδουττος
1278 927 1340 993 huo

209 1023 402 1090 trahendum
427 1043 498 1090 osso
512 1023 647 1107 videtur,
672 1025 756 1108 quod
783 1025 899 1109 legitur
914 1026 992 1091 Hes.
1007 1028 1081 1109 Arg.
1098 1029 1156 1092 821
1183 1024 1257 1089 αἵδε
1278 1025 1338 1105 μὲν

209 1115 330 1206 ἡμέραι
362 1120 445 1187 εἰσίν
477 1119 687 1202 ἐπιχθονίοις
716 1115 790 1206 μέγ’
825 1120 953 1204 ὄνειαρ,
984 1122 1020 1187 αἱ
1051 1117 1083 1186 δ’
1117 1119 1215 1186 άλλαι
1237 1120 1338 1202 μετά-

210 1219 350 1297 δουποι,
382 1212 530 1301 άκήριοι,
562 1216 602 1283 σά
622 1244 655 1284 τι
679 1225 835 1304 φέρουσι;
867 1228 1010 1287 attamen
1034 1219 1191 1304 quomodo
1221 1219 1263 1285 sit
1285 1239 1338 1285 ex·

207 1319 406 1403 plicandum,
431 1318 578 1400 equidem
595 1320 720 1404 nescio;
744 1339 820 1385 nam
835 1320 981 1386 Passovii
1000 1338 1083 1401 quae
1106 1325 1229 1402 prostat
1243 1317 1338 1383 intar-

207 1419 349 1503 pratatio
372 1416 597 1494 „daawischen
627 1416 771 1483 iallend“
801 1418 875 1483 ideo
905 1437 1017 1500 parum
1047 1416 1182 1493 arridet,
1210 1413 1337 1497 quoda

207 1512 389 1583 certissima
417 1513 592 1580 Aristarchi
630 1516 855 1581 observatione
885 1516 998 1592 (Lehrs
1028 1518 1100 1580 Ar.²
1129 1535 1160 1596 p.
1193 1517 1252 1578 103
1276 1516 1336 1594 sq.)

206 1617 341 1681 verbum
365 1613 507 1688 δουπέω,
532 1632 603 1678 cum
625 1614 688 1678 nisi
711 1614 752 1678 de
774 1613 823 1693 iis,
847 1615 901 1695 qui
924 1615 955 1677 in
979 1633 1088 1696 pugna
1110 1632 1180 1678 oum
1203 1609 1337 1692 strepitu

206 1718 468 1796 prosternuntur,
511 1731 575 1776 non
613 1711 787 1794 dicoretur,
826 1711 989 1777 notionem
1027 1709 1165 1776 cadendi
1201 1709 1335 1790 accepit.

206 1801 304 1876 Porro
330 1811 393 1875 huo
413 1809 577 1891 pertinent
598 1808 757 1874 adiectiva
785 1814 1029 1889 μεταίτιος,
1060 1805 1333 1888 μετάκοινος,

206 1903 544 1987 μετακοινωνάς,
573 1927 705 1989 quorum
728 1907 789 1971 hoc
811 1907 939 1989 quidem
963 1913 1085 1972 tantum
1108 1907 1149 1970 ab
1174 1903 1334 1987 Hesychio

206 2006 361 2072 traditum
377 2011 435 2085 est,
452 2005 559 2086 priora
573 2012 679 2070 autem
696 2006 792 2070 otiam
807 2005 840 2069 in
857 2006 1045 2089 scriptorum
1062 2004 1151 2069 libris
1167 2004 1334 2086 leguntur3

206 2113 278 2170 sunt
301 2109 411 2168 autem
434 2102 623 2185 composita,
647 2122 729 2184 quae
752 2103 900 2167 dicuntur
923 2103 1169 2168 determinativa
1191 2100 1241 2174 (ci.
1259 2098 1334 2164 Our-

204 2203 264 2268 tius
288 2201 432 2267 Gramm.
456 2202 476 2280 ξ
500 2203 571 2281 359,
598 2206 608 2264 1
638 2208 670 2266 at
692 2204 720 2279 3,
747 2203 783 2265 Α.
810 2206 848 2278 1).
897 2206 1083 2275 Μεταίτιος
1106 2200 1223 2282 legitur
1245 2197 1333 2280 apud

205 2300 403 2384 Aeschylum
426 2300 486 2380 Ag.
511 2301 569 2362 811
602 2317 673 2362 oum
705 2297 812 2362 dativo
836 2299 994 2364 commodi
1024 2308 1056 2364 et
1085 2296 1235 2379 genetivo
1261 2314 1332 2360 oon·

205 2399 366 2463 iunctum:
390 2393 466 2470 τοὺς
490 2393 562 2476 ἐμοὶ
582 2400 772 2474 μεταιτίους
795 2392 932 2479 νόστου,
956 2396 1033 2461 cho.
1053 2401 1111 2460 100
1134 2386 1233 2480 τῆσδ’
1260 2391 1332 2457 ἐστὲ

205 2495 345 2582 βουλῆς,
378 2480 731 2576 delectaminum
765 2499 824 2558 134
849 2491 969 2578 φόνους
1000 2495 1092 2560 Eum.
1118 2495 1178 2556 199
1206 2488 1331 2555 τούτων

206 2593 392 2678 (opponitur
421 2613 469 2657 vs.
493 2595 554 2656 200
585 2595 792 2674 παναίτιος);
823 2592 922 2675 Soph.
945 2592 1060 2656 Trach.
1085 2595 1147 2655 260
1176 2587 1330 2670 πάθοος;

204 2696 262 2756 447
280 2690 420 2774 γυναικί,
444 2689 484 2772 τῇ
507 2686 660 2773 μεταιτίᾳ
675 2691 733 2752 τοῦ
752 2688 853 2773 μηδὲν
871 2687 1007 2771 αἰσχροῦ
1030 2683 1110 2773 μηδ’
1136 2688 1210 2769 ἐμοὶ
1231 2694 1331 2752 κακοῦ

204 2810 311 2874 τινος;
340 2792 421 2852 1234
444 2781 467 2872 ἥ
488 2808 547 2868 μοι
568 2784 666 2870 μητρὶ
689 2787 748 2868 μὲν
768 2791 887 2852 θανεῖν
909 2786 992 2871 μάνη
1014 2784 1183 2867 μεταίτιος
1206 2806 1232 2852 c.
1255 2787 1330 2869 inf.;

202 2887 289 2972 apud
321 2884 509 2967 Euripidem
539 2885 638 2951 semel
668 2891 791 2951 tantum
822 2885 985 2974 invenitur
1014 2886 1126 2969 Suppl.
1151 2890 1190 2950 26
1220 2882 1329 2967 τάφου

201 2989 391 3066 μεταίτιον;
415 3001 519 3066 noque
535 2982 626 3048 deest
640 2983 673 3047 in
689 3004 786 3066 prosa
801 2984 957 3065 oratione,
977 2991 1011 3048 ut
1027 2984 1127 3049 habes
1143 2985 1227 3049 Xan.
1244 2983 1328 3048 Hell.

201 3083 242 3166 ΙΙ,
267 3087 298 3163 3,
324 3085 376 3147 32.
414 3078 624 3156 Μετάκοινος
645 3081 730 3163 apud
753 3103 850 3146 unum
874 3083 1069 3166 Aeschylum
1091 3082 1216 3164 legitur,
1240 3081 1329 3145 cuius

199 3178 352 3264 gravitati
368 3178 496 3244 uberior
516 3179 597 3244 hacc
619 3179 721 3244 forma
736 3179 856 3262 optimc
878 3180 1119 3245 accommodata
1141 3187 1206 3246 est:
1236 3180 1328 3244 Eum.

201 3282 259 3345 351
279 3273 413 3342 oddd'
379 3299 429 3352 τις
453 3274 525 3340 ἔστι
548 3274 732 3359 συνδαίτωρ
755 3276 965 3362 μετάκοινος,
987 3282 1052 3343 964
1073 3282 1205 3358 Μοῖραι
1227 3276 1328 3340 παντὶ

200 3374 292 3459 δόμῳ
323 3373 533 3456 μετάκοινοι,
567 3373 679 3490 Suppl
713 3378 791 3440 1037
827 3372 1017 3454 μετάκοινοι
1048 3375 1156 3440 ddi
1115 3375 1198 3460 φίλᾳ
1227 3372 1328 3456 ματρὶ

200 3472 359 3557 πάρεισιν
393 3470 530 3549 Πόθος,
569 3457 591 3555 ᾇ
622 3464 655 3536 τ’
694 3466 845 3537 οὗδὲν”
823 3496 973 3555 αιταρνον
1006 3473 1136 3539 τελέθει
1170 3474 1328 3555 θέλκτορι
1370 3555 1373 3560 -

198 3577 341 3638 Πειθοῖ.

284 3671 454 3735 Postremo
478 3666 530 3732 hic
551 3668 647 3733 etiam
663 3668 851 3735 adverbium
874 3668 1031 3750 μεταξύ
1054 3671 1252 3737 afferendum
1268 3678 1326 3750 est,
1401 3752 1406 3760 .

198 3769 282 3852 quod
316 3766 404 3850 apud
435 3786 545 3832 ornnes
576 3766 679 3832 omnis
711 3769 837 3850 generis
867 3768 1037 3852 scriptores
1067 3768 1149 3833 adeo
1176 3769 1326 3834 usitatum
1357 3828 1360 3832 .

198 3875 262 3947 ost,
301 3872 339 3929 ut
368 3864 518 3946 exempla
555 3865 670 3930 efferre
699 3865 979 3947 supersedeamus3
1016 3866 1186 3930 formatum
1220 3872 1326 3930 autem

197 3972 245 4030 est
276 3983 294 4030 c
326 3961 484 4046 particula
513 3956 597 4042 μετά
627 3970 658 4027 et
687 3963 833 4028 breviore
863 3962 964 4026 forma
993 3962 1239 4046 praepositionis
1270 3959 1325 4037 ξύν

198 4062 250 4133 (ci.
274 4058 332 4125 νύν
362 4065 394 4124 ε1
426 4055 494 4139 τά),
524 4057 565 4124 da
595 4079 658 4142 qua
687 4081 721 4126 re
750 4060 816 4141 egit
845 4059 919 4123 Pott
949 4060 983 4120 E.
1008 4060 1042 4122 F.
1066 4061 1107 4139 1²,
1141 4062 1212 4138 296,
1244 4063 1323 4141 7583

196 4158 343 4243 praefixa
365 4157 595 4240 praepositioni
625 4156 680 4234 ξύν
703 4158 863 4242 particula
884 4152 966 4235 μετά
988 4156 1180 4222 sententiam
1204 4159 1250 4222 ita
1271 4176 1325 4221 va·

196 4258 313 4321 riatam
336 4254 499 4334 videmus,
530 4262 564 4319 ut
590 4256 712 4321 notioni
734 4255 896 4320 societatis
925 4250 1007 4331 (σάν)
1037 4252 1209 4319 adderetur
1237 4254 1324 4320 notio

197 4372 282 4438 quaa
315 4357 364 4418 est
396 4353 498 4429 „inter
531 4353 612 4419 alios
645 4353 789 4420 versari“
822 4355 931 4434 itaque
962 4350 1114 4418 evaderet
1142 4352 1191 4418 vis
1224 4352 1324 4419 nostri
