3442 5359
308 713 370 774 154
828 719 927 774 Funcln

307 892 438 957 notione
474 890 720 956 administrandi
753 892 805 956 vel
843 895 1018 960 tractandi:
1056 894 1131 960 Hdt.
1165 896 1230 976 ΠΙ,
1265 901 1321 961 142
1353 901 1402 959 τῶν

240 1006 243 1013 ’
307 994 530 1070 μετεχείρισας
561 985 750 1072 χρημάτων,
785 989 839 1054 ubi
872 990 957 1057 idem
991 992 1058 1059 icrc
1090 1000 1139 1059 cst
1169 993 1254 1075 quod
1286 1001 1402 1059 possum

307 1088 438 1154 verbum
467 1086 533 1149 rich
563 1086 789 1171 ίοννᾶυίνοίρους
819 1089 919 1154 Thnc.
948 1089 981 1171 I,
1016 1094 1053 1156 13
1086 1087 1128 1154 τοί
1157 1089 1235 1172 περὶ
1262 1090 1318 1168 τὰς
1343 1092 1402 1167 ναῦς

307 1193 409 1271 (act),
439 1188 521 1252 Plat.
545 1188 641 1271 Hipp·
672 1188 745 1252 mai.
776 1188 872 1252 304ss
903 1184 1021 1272 λήρους
1050 1188 1105 1253 καὶ
1135 1184 1299 1272 φλυαρίας
1323 1212 1402 1270 μετο-

305 1283 526 1368 χειριζόμενος
549 1290 573 1363 (,,
582 1285 649 1350 sich
673 1285 822 1351 belassen
845 1286 945 1359 mito.
983 1286 1179 1353 Derivantur
1200 1287 1277 1353 inde
1297 1287 1402 1352 nomino

305 1390 595 1466 μεταχείρισις
617 1390 649 1449 et
670 1380 1017 1465 μεταχειρισμός,
1042 1403 1125 1465 quae
1147 1385 1236 1468 apud
1257 1387 1401 1468 scriptores

304 1489 485 1567 postremae
508 1482 636 1547 demum
658 1481 773 1546 aetatis
796 1481 954 1562 leguntur.

830 1739 900 1816 §a

304 1889 355 1942 DE
372 1887 417 1942 IIS
434 1886 636 1942 VOCABULIS
655 1886 732 1943 CUM
750 1888 850 1937 ΜΕΤΑ
870 1884 1092 1950 COMPOSITIS,
1111 1886 1151 1940 IN
1168 1886 1297 1954 QUIBUS
1313 1881 1401 1942 Pano-

490 1971 631 2027 Posrrro
650 1971 820 2027 acrioris
838 1971 1019 2026 MUTATAE
1036 1971 1139 2027 NOTA
1161 1972 1240 2027 Esr.

389 2110 579 2177 Accedimus
602 2131 686 2176 nuno
709 2112 751 2176 ad
775 2131 814 2176 ea
829 2110 929 2176 verba
944 2131 1014 2175 cum
1037 2107 1120 2191 μετά
1135 2111 1318 2195 composita,
1338 2125 1402 2193 quae

305 2219 336 2277 et
365 2209 623 2292 frequentissima
656 2216 687 2274 et
720 2207 906 2274 difficillima
939 2216 1013 2274 sunt
1046 2210 1240 2293 explicatu,¹
1257 2231 1327 2276 nam
1351 2206 1401 2271 rim

304 2308 465 2386 mutandi,
506 2327 599 2389 quam
634 2307 668 2370 in
702 2314 790 2371 tanto
824 2307 992 2372 verborum
1025 2327 1159 2373 numero
1196 2299 1401 2392 praepositioni

303 2408 410 2473 inesse
431 2405 592 2482 videmus,
627 2405 785 2486 quomodo
815 2424 855 2470 ex
882 2404 938 2487 iis,
969 2425 1051 2487 quae
1080 2405 1186 2471 adhuc
1208 2406 1401 2490 cognovimus,

304 2503 587 2587 significationibus
631 2500 768 2568 derivari
812 2508 926 2584 queat,
973 2502 1077 2586 primo
1115 2505 1278 2569 oculorum
1312 2503 1402 2567 obtutu

303 2622 432 2686 prorsus
465 2602 631 2666 obscurum
666 2606 724 2665 est.
774 2600 926 2665 Attamen
959 2621 1024 2666 non
1058 2601 1155 2683 plane
1189 2597 1401 2686 desperandum

303 2709 352 2767 est
385 2701 426 2766 do
458 2698 672 2782 explicatione
705 2718 765 2763 nec
795 2697 885 2763 deest
913 2699 1090 2781 vinculum,
1125 2720 1188 2781 quo
1219 2700 1313 2765 etiam
1339 2699 1402 2763 laec

303 2798 491 2882 significatio
520 2817 590 2862 cum
620 2796 691 2861 aliis
720 2795 786 2862 illis
814 2795 965 2878 coniungi
995 2796 1106 2879 possit.
1156 2793 1401 2864 Proficiscendunt

302 2905 350 2962 est
373 2898 457 2963 enim
480 2896 521 2960 ab
545 2914 584 2960 ea
604 2893 749 2959 adverbii
771 2890 855 2973 μενά
872 2892 1116 2976 significatione,
1139 2915 1235 2976 quam
1251 2895 1313 2960 iam
1334 2884 1402 2975 aput

301 2994 474 3059 Homerum
503 2994 537 3058 in
566 2989 712 3073 μέτειμι,
745 2987 958 3072 μεθέντομαι,
993 2994 1258 3072 μεταστοιχείἏ)Ι
1276 2991 1402 3063 localem,

299 3093 334 3156 in
376 3091 539 3157 adverbiis
589 3086 784 3169 μετέπειτα,
830 3086 1039 3168 μετόπισθεν
1092 3080 1142 3165 (ot
1188 3089 1284 3170 intra)
1326 3094 1403 3169 atque

302 3188 396 3254 etiam
425 3189 459 3253 in
487 3187 650 3252 nonnullis
683 3187 929 3270 praepositionis
958 3207 1029 3252 cum
1064 3187 1194 3254 nomine
1227 3190 1403 3261 coniunctae,

302 3306 383 3368 quae
405 3305 502 3369 supra
524 3306 555 3367 p.
575 3287 633 3348 130
656 3285 872 3368 ascripsimus,
897 3286 1054 3369 exemplis
1075 3289 1286 3370 temporalem
1300 3288 1359 3369 vel,
1377 3284 1404 3346 nt

301 3383 478 3449 accuratius
508 3381 629 3463 dicam,
661 3381 704 3446 ad
734 3383 968 3449 successionem
1001 3384 1214 3466 pertinentem
1243 3386 1404 3452 invenimus

301 3480 352 3556 (ot.
375 3480 562 3544 Latinorum
582 3485 675 3563 post).
720 3481 805 3563 Iam,
837 3482 999 3547 utstatim
1023 3483 1189 3565 exemplo,
1217 3484 1294 3565 quid
1315 3480 1404 3558 velim,

301 3577 474 3661 explicem,
503 3573 733 3658 pseudoclerice
757 3583 783 3651 (ε
807 3581 868 3644 286
898 3573 1073 3658 ὢπόντοι,
1103 3567 1123 3666 ἦ
1147 3578 1238 3661 μάλα
1268 3579 1306 3668 δὴ
1329 3572 1407 3662 μετε-

299 3673 480 3758 βούλευσαν
506 3672 584 3738 daci
613 3671 722 3750 ἄλλως
751 3668 838 3760 ἄμφ’
867 3674 1003 3759 Ὀδυσῆϊ
1030 3677 1110 3749 κτλ.)
1140 3678 1298 3761 significat
1327 3672 1407 3762 priori

299 3772 432 3840 consilio
462 3780 574 3856 postea
602 3772 691 3837 aliud
720 3773 906 3856 succedere,
936 3795 998 3857 quo
1026 3795 1061 3842 re
1084 3795 1163 3841 vera
1189 3777 1279 3860 prius
1308 3771 1408 3842 mutari

299 3870 386 3955 apud
402 3871 574 3936 Homerum
596 3869 755 3935 indicatur
778 3872 873 3936 etiam
896 3871 1007 3937 addito
1026 3872 1180 3938 adverbio
1197 3870 1315 3958 ἄλλως,
1337 3870 1407 3958 quod

299 3970 474 4052 posteriore
487 3974 631 4052 tempore
646 3969 840 4052 cogitatione
854 3970 1074 4035 tantummodo
1090 3972 1298 4056 intellegitur.
1335 3975 1417 4040 Idun.

300 4065 372 4131 dem
401 4067 497 4147 igitur
525 4067 680 4134 habemus
703 4088 795 4133 usum
823 4068 991 4150 loquendi,
1022 4088 1083 4150 quo
1106 4070 1223 4138 Latino
1250 4093 1343 4136 οανοο
1358 4089 1407 4154 po

368 4313 402 4378 ²³)
419 4311 460 4366 Gt.
480 4328 563 4382 supra
580 4331 607 4383 p.
631 4319 685 4370 149.
