3442 5359
392 709 454 771 148
914 710 1012 765 Funck

390 881 502 948 πάντα
524 890 631 947 κοῖται
654 878 792 962 κόμπων
814 888 1001 965 μεταρσίων
1024 881 1151 964 πρόσω.
1188 885 1326 950 Restant
1344 882 1407 947 duo
1423 902 1516 948 voca·

390 983 484 1064 bula,
513 994 646 1063 quorum
674 981 761 1064 prius
789 978 1063 1063 μεθομήρεος
1091 980 1197 1060 (Pind.
1225 980 1262 1045 ir.
1285 984 1339 1056 20)
1371 1000 1389 1046 e
1418 980 1516 1063 parti·

321 1124 322 1128 =
390 1080 463 1145 cuia
490 1077 574 1160 μετά
602 1086 635 1144 et
663 1078 764 1162 stirpe
798 1072 952 1163 ὁμὶηρο·
983 1079 1193 1162 compositum
1222 1084 1270 1143 est
1297 1077 1354 1153 tcf.
1387 1070 1514 1162 ὁμηρέω

391 1175 530 1259 „gradus
552 1176 735 1258 conforre“;
764 1175 893 1242 Curtius
922 1175 963 1241 de
989 1196 1073 1241 nom.
1097 1176 1189 1242 Hom.
1212 1197 1244 1259 p.
1270 1178 1335 1256 12),
1366 1174 1515 1258 idemque

390 1272 563 1357 significat,
589 1273 674 1356 quod
695 1268 892 1357 ὁμηρτῆρες·
916 1270 1115 1351 ἀκόλουθοι,
1141 1273 1317 1358 συνήγοροι
1339 1272 1514 1356 (Ησογοὶι.)

390 1371 630 1454 praepositione
658 1371 754 1436 simili
783 1370 879 1436 modo
909 1377 1005 1453 atque
1033 1372 1067 1436 in
1096 1369 1288 1451 μετάκοινος
1318 1369 1514 1436 abundante

390 1469 535 1534 Alterum
563 1469 753 1533 vocabulum
783 1469 862 1534 satis
892 1470 971 1533 mire
1000 1467 1232 1534 conformatum
1261 1474 1310 1534 est
1342 1465 1515 1548 μετεξέ·

389 1546 522 1647 τἐροι,
553 1567 639 1648 quod
669 1574 840 1649 usurpatur
870 1567 1011 1631 maxime
1039 1567 1080 1630 ab
1103 1566 1268 1632 Herodoto
1297 1571 1329 1631 et
1359 1563 1516 1647 significat

393 1663 561 1741 „homines
584 1663 636 1728 hic
657 1664 725 1729 illm
747 1683 765 1728 c
787 1662 893 1729 medio
917 1662 1108 1745 deprompti,
1131 1662 1313 1745 alii-alii,
1335 1663 1513 1742 nonnulli“,

391 1761 509 1827 similia
531 1760 620 1839 (Hdt.
643 1761 668 1840 Ι,
694 1763 773 1842 1993
795 1759 885 1842 VIII,
910 1763 966 1843 873
994 1780 1064 1825 cum
1087 1760 1238 1842 genetivo
1261 1761 1286 1840 1,
1311 1764 1363 1842 63,
1387 1764 1429 1825 95
1448 1760 1515 1839 aL).

871 2130 957 2206 en.
984 2131 1035 2205 II.

391 2316 558 2383 AGITUR
573 2317 632 2382 Da
649 2315 705 2382 IIS
722 2315 906 2384 VOOIBUS
923 2313 1185 2398 COMPOSITIS,
1209 2315 1327 2396 QUAE
1342 2317 1518 2383 Maxuma

393 2416 684 2484 RESPONDENT
725 2419 827 2485 USUI
867 2415 1222 2501 PRAEPOSITIONIS
1256 2421 1397 2482 ΜΕΤΑ
1431 2419 1520 2486 CUM

527 2612 529 2616 Α
661 2518 933 2586 AOOUSA'IIVO
959 2516 1250 2585 CONIUNOTAII.

917 2671 1052 2770 sos

393 2839 443 2893 DE
466 2838 600 2894 VERBIS
629 2837 746 2894 EUNDI
768 2837 842 2891 VEL
867 2837 1042 2909 MOVENDI
1067 2838 1166 2906 QUAE
1190 2837 1267 2892 CUM
1287 2837 1520 2894 ACCUSATIVO

393 2923 463 2978 SEU
490 2922 717 2979 accusaulvo
751 2923 776 2977 Ε
806 2922 1099 3063 PRAggffilgplpoNE
1131 2921 1334 2976 PENDENTE
1369 2922 1520 2979 conluu-

480 3127 625 3193 Vidimus
654 3134 751 3192 antea
786 3130 818 3208 (ξ
849 3132 881 3204 2)
914 3128 1161 3210 praepositionis
1189 3124 1272 3208 μετά
1300 3129 1520 3192 accusativum

394 3225 535 3307 regentis
557 3225 720 3308 propriam
742 3226 807 3289 vim
830 3226 915 3290 hanc
938 3243 1018 3302 esse,
1041 3231 1076 3289 ut
1097 3225 1265 3290 consitium
1287 3223 1466 3290 accedendi
1488 3231 1521 3290 et

394 3323 580 3388 societatem
602 3323 744 3405 aliquam
767 3322 900 3388 incundi
927 3322 1057 3387 indicet.
1101 3323 1170 3387 Iam
1191 3320 1268 3387 inde
1289 3323 1434 3403 sequitur
1461 3322 1520 3389 tre

395 3419 637 3502 quentissimum
665 3418 750 3484 hunc
772 3440 864 3485 usum
887 3438 958 3486 esse
980 3419 1013 3482 in
1036 3419 1143 3485 verbis
1166 3417 1263 3485 cundi
1283 3419 1338 3486 vel
1366 3419 1520 3485 movendi

394 3516 504 3599 itaque
532 3537 597 3582 non
618 3515 818 3598 mirabimur,
850 3516 936 3599 quod
964 3516 1027 3580 iam
1057 3516 1091 3580 in
1119 3515 1312 3581 carminibus
1340 3515 1519 3583 HomerIcIs

394 3614 503 3680 omnia
535 3614 601 3680 fere
633 3613 732 3678 verba
765 3613 863 3678 eundi
895 3613 957 3679 hac
985 3615 1016 3678 vi
1050 3633 1120 3678 cum
1152 3611 1236 3696 μετά
1266 3614 1446 3696 composita
1472 3614 1519 3680 in·

393 3710 579 3794 veniuntur3
606 3712 822 3776 accusativum
845 3730 885 3776 ex
908 3709 958 3774 his
973 3709 1080 3776 verbis
1101 3709 1244 3794 pendere
1265 3717 1518 3777 consentaneum

394 3815 459 3890 est,
494 3809 645 3890 quomam
678 3808 917 3891 praepositione
951 3808 1108 3873 aotIonem
1136 3809 1227 3873 verbi
1257 3807 1292 3871 in
1322 3807 1423 3873 aliam
1452 3827 1517 3874 rem

393 3904 529 3970 transire
551 3904 712 3970 indicatur
732 3905 840 3988 itaque
862 3903 995 3970 verbum
1017 3902 1122 3986 ipsum
1144 3903 1345 3969 transItivum
1370 3902 1414 3969 fit.

478 4003 503 4066 Ι.
527 4002 622 4085 Apud
638 4002 810 4067 Homerum
825 4003 920 4067 huius
941 4001 1069 4083 generis
1085 4001 1184 4066 verba
1207 4000 1328 4066 eundi
1350 4000 1518 4067 inveniun-

392 4105 443 4163 tur
471 4099 568 4164 hacc:
597 4101 810 4179 μετσῒοσω
837 4101 986 4180 (113983
1018 4102 1152 4181 (11564,
1184 4097 1276 4163 Pind.
1306 4098 1366 4164 Ne.
1392 4099 1430 4181 V,
1455 4103 1516 4180 78),

390 4194 665 4276 casticii-torcat
694 4199 734 4272 (Ε
755 4200 845 4277 336),
876 4193 1179 4277 μεθορμάομσι
1202 4200 1246 4274 (Y
1269 4198 1357 4276 192),
1390 4221 1517 4279 μετα-

392 4288 572 4372 οούσμαι
596 4297 639 4366 (Z
652 4295 730 4373 2963
757 4294 883 4358 Ψ389ε
911 4289 1001 4373 μάλα
1023 4285 1057 4356 δ’
1083 4280 1152 4357 ὦκα
1172 4291 1354 4375 μετέσσυτο
1371 4298 1515 4378 ποιμένα
