3442 5359
346 747 386 810 28
829 746 980 802 Beermann

346 921 535 988 Thessalica
558 921 695 986 dialecto
722 921 872 1004 exempla
896 920 1056 986 ascribere
1078 919 1182 1002 piget,
1211 936 1271 982 nec
1298 917 1402 981 minus
1432 938 1469 985 ex

348 1021 472 1103 Dorica,
496 1040 566 1085 cum
588 1019 621 1083 in
643 1019 715 1102 ipsa
737 1019 798 1083 hac
821 1019 998 1085 mutatione
1020 1017 1147 1083 differat
1171 1016 1264 1081 Doris
1288 1016 1469 1082 severiora

347 1119 471 1183 mitiore
501 1117 534 1196 (i.
556 1137 584 1183 e.
613 1116 766 1182 vetustior
787 1117 828 1181 ah
851 1118 1048 1191 recentiore).
1092 1115 1143 1179 lta
1164 1114 1206 1178 dc
1227 1138 1245 1194 q
1269 1114 1302 1177 in
1326 1137 1356 1177 ει
1378 1121 1468 1179 verso

349 1215 436 1282 haud
451 1220 556 1299 potest
571 1214 725 1297 dubitari3
748 1214 854 1279 minus
876 1215 909 1278 in
932 1239 958 1278 ω
974 1214 1087 1292 vocali,
1105 1211 1189 1294 quod
1205 1210 1333 1293 quidem
1357 1212 1470 1276 attinet

346 1313 389 1378 ad
412 1314 554 1378 ionicam
577 1318 609 1380 et
631 1311 769 1376 Atticam
793 1311 975 1392 dialectum,
998 1312 1057 1375 illa
1078 1311 1209 1375 mutatio
1232 1315 1330 1392 patet.
1377 1309 1470 1392 Apud

348 1413 624 1479 Thessalossane
645 1416 677 1474 et
697 1428 759 1474 rec.
776 1410 951 1474 Dorienses
967 1431 1004 1473 ov
1021 1428 1062 1474 ex
1078 1432 1104 1472 ω
1123 1406 1281 1491 prodiisse
1303 1406 1337 1469 in
1360 1412 1470 1491 aperto

348 1516 412 1594 est3
442 1509 475 1574 in
498 1509 616 1573 Ionicis
644 1513 751 1572 autem
781 1514 813 1573 et
834 1507 947 1572 Atticis
976 1506 1075 1572 titulis
1105 1526 1175 1570 curn
1205 1525 1363 1586 nusquam
1388 1505 1471 1589 quod

349 1607 463 1688 sciam,
487 1613 655 1690 postquam
679 1624 765 1669 nova
786 1605 967 1670 litteratura
988 1610 1037 1671 est
1059 1609 1205 1687 recepta,
1234 1604 1424 1684 antiquioris
1447 1628 1470 1666 ω

348 1705 516 1788 vestigium
547 1705 692 1769 relictum
722 1703 778 1784 sit,
808 1701 913 1767 minus
941 1708 1061 1766 certum
1090 1700 1240 1766 iudicium
1266 1700 1394 1767 videtur
1423 1701 1471 1780 (cf.

348 1810 457 1868 tamen
478 1802 548 1868 Ion.
572 1789 626 1877 ὦν,
656 1787 731 1883 pulv,
755 1800 839 1882 quod
862 1799 958 1864 Attici
983 1799 1093 1864 dicunt
1116 1785 1181 1874 οὖν,
1204 1785 1303 1880 γοῧν).
1351 1800 1471 1865 Nihilo-

350 1901 454 1966 minus
490 1905 524 1963 ut
560 1899 593 1963 in
630 1897 679 1963 his
712 1918 837 1980 quoque
875 1897 1010 1963 eandem
1047 1896 1248 1962 affectionem
1284 1904 1470 1979 statuamus,

291 2017 299 2031 ·
349 1999 491 2080 cogimur
513 1996 666 2075 analogia
689 2002 721 2061 et
748 1996 876 2060 illarum
899 1995 1108 2060 dialectorum
1137 1995 1296 2073 (Thessal.
1320 1997 1410 2073 Dor.)
1442 2003 1472 2060 et

349 2120 366 2180 q
397 2094 529 2159 vocalis.
550 2142 553 2149 .
575 2092 741 2158 Contendo
769 2092 866 2174 igitur
893 2101 1019 2159 veteres
1042 2092 1259 2158 lonc-Atticos
1286 2113 1351 2157 non
1381 2094 1473 2160 aliter

349 2199 446 2275 atquc
468 2192 687 2257 Aeolo-Dores
711 2191 830 2256 dixisse
848 2210 876 2256 e.
891 2214 922 2272 g.
939 2190 1075 2268 πολέμω
1099 2195 1307 2264 (contractum
1330 2210 1371 2256 ex
1394 2199 1471 2270 -ool,

348 2291 409 2354 hoc
431 2295 537 2354 autem
562 2313 587 2352 ω
610 2289 709 2353 multo
732 2289 820 2371 prins
842 2308 937 2371 quam
960 2288 1047 2372 apud
1063 2287 1237 2354 Thessalos
1259 2295 1291 2353 et
1306 2291 1410 2355 Dores
1431 2289 1472 2356 ad

348 2410 386 2451 ov
422 2407 493 2454 esse
528 2386 706 2469 delapsum.
756 2386 825 2451 Hoc
859 2386 955 2451 modo
983 2387 1077 2451 unice
1106 2386 1284 2469 explicatur
1317 2389 1473 2471 scriptura

348 2486 550 2568 antiquorum
580 2486 759 2568 titulorum,
789 2485 821 2549 in
851 2484 965 2566 quibus
994 2484 1059 2548 tale
1082 2507 1111 2548 ει
1134 2491 1166 2550 et
1188 2507 1226 2548 oc
1256 2505 1315 2568 per
1338 2487 1364 2549 Ε
1387 2494 1420 2552 et
1442 2485 1471 2547 Ο

349 2584 495 2649 scribitur
518 2582 569 2656 (of.
594 2582 735 2647 Dietrich
748 2630 756 2662 ‚
783 2582 887 2647 Jahns
909 2581 1019 2647 Jahrb.
1048 2585 1128 2647 1872
1151 2603 1181 2665 p.
1206 2585 1268 2657 20).

433 2680 472 2745 Id
505 2687 540 2745 ut
571 2680 675 2762 magis
711 2688 882 2763 appareat,
920 2681 985 2744 vim
1018 2686 1049 2745 ct
1082 2700 1211 2746 causam
1245 2679 1339 2746 huius
1373 2688 1472 2747 muta-

348 2777 444 2844 tionis
473 2777 704 2861 perspiciamus
728 2785 862 2860 opcrtet.
907 2777 997 2856 Quae
1024 2777 1192 2844 manifesto
1218 2777 1389 2860 proditer
1412 2789 1473 2846 stn-

348 2875 401 2940 dio
431 2896 493 2958 quo
516 2880 665 2941 tenentur
693 2876 823 2959 linguae
844 2877 1004 2942 vocalium
1027 2877 1042 2937 i
1064 2883 1095 2940 et
1116 2896 1147 2939 a.
1190 2876 1262 2940 Hae
1284 2876 1367 2941 enim
1390 2887 1473 2961 post-

348 2993 442 3056 quam
477 2973 666 3055 effeeerunt,
704 2980 740 3038 ut
772 2973 885 3040 fierent
917 2993 958 3039 ex
991 2995 1009 3035 a
1042 2973 1176 3053 antiqua
1209 2991 1228 3050 ,c
1262 2980 1293 3038 et
1326 2994 1343 3052 p
1378 2977 1411 3048 (i.
1446 2997 1471 3042 e.

346 3072 465 3136 illaec
495 3079 526 3137 et
548 3093 576 3144 0,
607 3092 689 3155 quae
717 3073 848 3155 propius
872 3071 1029 3137 accedunt
1056 3068 1099 3134 ad
1128 3091 1148 3131 a
1176 3072 1369 3137 elementum
1395 3093 1414 3152 ‚e
1442 3081 1472 3140 et

348 3187 365 3242 ,c
388 3188 409 3233 a
430 3168 548 3251 Lepslo
571 3168 589 3247 h
610 3175 642 3234 et
665 3167 683 3230 ὸ
706 3190 727 3233 a
746 3168 917 3251 Rumpclto
940 3173 1091 3248 notatae),
1115 3186 1132 3246 ‚c
1155 3175 1187 3234 et
1209 3188 1227 3243 ρ
1251 3169 1348 3235 etiam
1371 3173 1471 3255 magis

348 3265 410 3329 sibi
432 3266 658 3331 assimulantes
682 3268 876 3349 progignunt
898 3288 913 3341 c
935 3273 967 3330 et
995 3285 1028 3343 ρ,
1059 3284 1142 3347 qnae
1163 3266 1320 3331 inclinant
1340 3268 1384 3333 ad
1407 3271 1422 3330 i
1442 3276 1471 3339 et

348 3362 511 3427 avocalis
535 3382 648 3427 sonum
679 3366 705 3439 (e
728 3371 759 3428 et
785 3383 802 3440 c
827 3364 934 3447 Leps,
963 3364 980 3425 ὁ
1003 3370 1035 3429 et
1057 3364 1075 3426 ό
1103 3365 1245 3447 Rump.);
1275 3372 1471 3448 postremoc

348 3468 380 3525 et
407 3477 423 3536 c
447 3479 576 3541 prorsus
598 3461 631 3524 in
655 3461 720 3526 iet
741 3481 761 3522 a
784 3460 914 3526 abeunt.
957 3461 1002 3526 Ut
1030 3461 1109 3527 haec
1138 3462 1181 3526 ad
1209 3463 1352 3544 linguam
1375 3464 1472 3530 Grae·

290 3638 293 3643 ,
347 3577 418 3622 cam
440 3555 653 3640 traducamus,
677 3558 843 3623 vocalibus
865 3582 884 3641 q
908 3565 940 3624 et
962 3583 988 3621 ω
1011 3562 1097 3635 (nam
1122 3559 1161 3626 de
1183 3561 1288 3642 longis
1306 3562 1471 3627 vocalibus

347 3660 470 3719 tantum
492 3652 553 3719 hoc
575 3656 645 3720 loeo
667 3657 745 3721 mihi
768 3655 927 3738 agendum
953 3661 1013 3732 est)
1043 3656 1166 3741 priores
1187 3658 1263 3723 illas
1288 3660 1472 3740 pronuntia·

344 3752 449 3817 tiones
472 3760 489 3830 ,a
515 3760 547 3817 et
573 3759 592 3830 ,(1
622 3753 800 3820 inhaesisse
829 3754 998 3837 probabile
1026 3762 1083 3820 est.
1128 3754 1250 3833 Quodsi
1278 3755 1397 3823 deinde
1420 3777 1471 3824 ex·

346 3850 468 3932 cipiunt
498 3874 527 3914 ει
556 3857 588 3916 et
616 3873 654 3913 ov
683 3852 807 3918 litteras
828 3875 847 3933 q
872 3859 904 3918 et
926 3876 968 3927 ω,
1002 3852 1036 3917 in
1064 3859 1213 3937 promptu
1243 3860 1291 3918 est
1319 3856 1471 3938 colligere

346 3948 397 4014 his
433 3948 596 4032 scripturis
639 3949 836 4036 respondere
878 3950 921 4015 ad
957 3971 1103 4015 normam
1139 3970 1238 4034 supra
1273 3954 1469 4037 propositam

343 4046 549 4124 elementae
581 4054 613 4112 et
644 4055 660 4127 ζ)
688 4055 785 4131 atque
815 4047 1106 4131 pronuntiationem
1134 4046 1306 4130 βασιλξος,
1342 4048 1469 4132 πολέμρ

345 4143 488 4226 proxime
511 4152 652 4210 secutam
675 4165 746 4212 esse
767 4146 940 4226 βασιλξος,
968 4144 1104 4225 nolluit.
1150 4147 1263 4228 Neque
1285 4154 1393 4214 tamen
1417 4149 1469 4213 ob·

346 4247 396 4306 sto
418 4243 596 4308 sententiae
620 4264 744 4324 eorum,
769 4245 822 4326 qui
845 4242 1029 4310 Euclidis
1052 4244 1266 4310 archontis
1288 4252 1469 4329 tempore

346 4339 388 4402 ab
411 4339 524 4404 Atticis
547 4362 585 4404 ov
607 4342 671 4406 ianr
694 4341 856 4408 adiutum
879 4347 994 4425 putant
1020 4341 1191 4423 (Dietrich,
1217 4342 1284 4407 KZ.
1308 4343 1387 4408 XIV
1410 4347 1466 4426 573
