3442 5359
625 693 658 748 de
676 693 792 749 dialecto
809 695 947 751 Boeotico.
1310 701 1351 763 51

308 867 343 942 h)
376 886 397 929 σ
422 864 531 931 inter
552 867 717 932 vocales
740 867 912 950 positum
936 876 1122 934 servatur
1144 877 1176 936 et
1198 871 1230 936 in
1252 872 1353 939 titulis

228 964 312 1030 etin
335 962 527 1045 scriptorum
555 962 756 1048 fragmentis,
786 965 871 1047 quod
899 985 1148 1032 commemorare
1167 969 1223 1034 vix
1244 989 1354 1036 neces·

227 1062 343 1131 sarium
365 1067 461 1142 esset,
484 1059 545 1126 nisi
566 1061 749 1127 Priscianus
772 1062 840 1130 llib.
857 1064 873 1128 Ι
891 1066 941 1145 33,
956 1075 972 1125 2
987 1064 1039 1142 H.)
1060 1064 1193 1132 referret
1214 1067 1352 1134 Boeotos

227 1159 317 1224 muta
346 1179 406 1243 pro
431 1178 518 1220 musa
547 1158 677 1224 dixisse.
720 1161 865 1238 Moodlv
888 1160 1016 1243 quidem
1039 1162 1155 1244 legitur
1176 1164 1209 1228 in
1232 1165 1351 1250 Thesp.

227 1258 264 1322 Κ.
281 1261 333 1340 23,
354 1271 368 1319 s
391 1256 557 1338 multaque
578 1255 696 1322 adsunt
718 1258 877 1342 exempla,
901 1258 1015 1341 quibus
1038 1278 1176 1325 errorem
1197 1260 1353 1328 Prisciani

227 1356 330 1422 evinci
353 1354 505 1438 opineris.
548 1353 702 1419 Attamen
728 1374 890 1437 nunquam
913 1356 1050 1422 Boeotos
1072 1351 1160 1437 μοῦἆ
1182 1361 1353 1442 protulisse

227 1471 427 1536 nequaquam
452 1449 680 1516 contenderim.
722 1453 780 1518 Est
801 1453 907 1536 potius
930 1473 969 1519 ca
990 1453 1092 1519 forma
1113 1456 1353 1522 recentissimae

227 1552 352 1631 aetatis,
376 1569 440 1633 qua
462 1549 558 1614 etiam
582 1563 608 1612 ω
630 1550 664 1614 in
687 1571 725 1612 ov
749 1550 937 1616 offuscatum
961 1557 1009 1617 est
1032 1554 1096 1632 (34
1119 1552 1169 1616 Ill
1192 1549 1351 1636 1));μοῦᾶ

227 1656 332 1714 autem
356 1667 396 1713 ex
418 1647 516 1727 μῶσα
533 1646 645 1712 eodem
661 1647 755 1712 modo
771 1650 921 1731 nascitur,
944 1669 1007 1731 quo
1023 1650 1232 1714 Tzaeonioum
1250 1644 1352 1734 ὁροῦᾶ

228 1748 280 1824 (Μ.
303 1745 466 1826 Schmidt,
496 1743 586 1810 Stud.
610 1745 659 1810 ΙΙΙ
683 1749 757 1823 356)
786 1766 827 1812 cx
855 1739 961 1828 ὁρῶᾶ,
992 1739 1113 1828 ὁρῶσα.
1158 1747 1281 1813 Eodem
1303 1768 1352 1813 re·

228 1844 393 1912 terendum
417 1849 475 1925 est,
499 1841 582 1924 quod
606 1841 730 1927 Oropii,
755 1845 808 1926 qui
831 1843 958 1925 quidem
981 1850 1047 1910 tum
1070 1845 1262 1910 Boeotorum
1284 1851 1351 1910 tum

228 1940 470 2008 Atheniensium
498 1940 532 2007 in
561 1947 719 2026 potestate
742 1948 833 2007 erant
855 1940 914 2007 sed
937 1942 1080 2008 eiusdem
1102 1942 1241 2008 nationis
1263 1944 1352 2008 cuius

198 2044 202 2052 '
230 2040 337 2107 Boeoti
360 2038 459 2105 tuisse
484 2038 634 2105 videntur
656 2039 706 2114 (ef.
722 2039 821 2105 Meier
842 2039 877 2105 in
893 2039 1005 2105 Brschi
1024 2047 1055 2106 et
1070 2039 1206 2106 Gruberi
1230 2041 1352 2125 encyol.

230 2145 303 2205 sect.
326 2138 375 2203 ΙΙΙ
404 2144 426 2202 t.
449 2139 477 2202 V
499 2158 529 2220 p.
554 2142 615 2201 505
638 2140 709 2220 eqd,
738 2137 852 2203 eadem
882 2138 1057 2204 mutatione
1085 2139 1134 2204 usi
1157 2137 1305 2204 dicuntur
1332 2158 1352 2204 a

229 2235 445 2320 grammaticis
467 2234 576 2314 (Giese
598 2255 629 2318 p.
653 2239 737 2311 310).

238 2463 255 2547 ξ
311 2374 341 2444 c)
378 2388 411 2531 bo
450 2366 617 2432 initiale
659 2365 863 2432 abiectum
900 2373 948 2431 est
981 2365 1014 2429 in
1050 2361 1116 2442 Φίξ
1151 2387 1209 2450 pro
1246 2362 1354 2451 Σφίγξ
1419 2349 1421 2353 ’

229 2472 237 2545 l
279 2467 359 2530 121
400 2471 421 2540 l·

310 2596 344 2673 d)
384 2597 521 2660 Boeotos
554 2595 717 2659 Laconum
751 2600 783 2660 et
816 2593 1015 2659 Cretensium
1048 2614 1137 2660 more
1169 2616 1190 2658 σ
1223 2614 1292 2678 pro
1325 2599 1354 2658 θ

230 2695 346 2761 dixisse
374 2713 417 2758 ne
445 2692 614 2774 collegeris
636 2711 676 2757 ex
705 2692 751 2756 νεὶ
775 2690 821 2756 cd
845 2691 908 2755 σιώ
932 2695 985 2758 Ar.
1008 2693 1087 2757 Ach.
1113 2695 1174 2756 905
1203 2711 1286 2757 neve
1312 2711 1353 2757 ex

229 2791 373 2858 Lactauti
403 2790 431 2863 (Ι
454 2794 482 2872 6,
509 2793 535 2868 τ)
558 2788 740 2856 testimonio
769 2787 842 2866 σιός
865 2790 1031 2854 Aeolicum
1059 2789 1220 2870 vocantis,
1249 2807 1353 2870 neque

229 2893 309 2956 enim
333 2892 368 2954 in
394 2886 494 2953 titulis
522 2887 574 2952 vel
602 2887 830 2953 recentissimis
852 2887 952 2951 ullum
974 2888 1042 2953 eius
1064 2887 1249 2952 mutationis
1270 2886 1354 2951 inest

229 2987 446 3071 vestigiumffll,
471 3004 554 3066 quae
571 2985 729 3054 sirevera
744 2987 935 3050 Boeotorum
957 2984 1025 3066 luit,
1048 2985 1109 3049 nisi
1132 2985 1216 3048 imae
1238 2983 1353 3048 aetatis

229 3107 294 3153 esse
316 3105 384 3151 non
406 3090 520 3166 potest.
565 3082 781 3148 Nihilominus
804 3083 963 3164 Berghius
986 3080 1182 3146 confidenter
1204 3098 1303 3162 apro
1326 3083 1354 3142 d

229 3183 385 3251 Corinnae
399 3182 538 3253 inculcat
559 3180 610 3256 (cl.
626 3187 734 3245 annot.
750 3179 791 3244 ad
808 3179 880 3246 Cor.
896 3183 936 3244 20
959 3182 1096 3263 ,ye'ycoe
1111 3177 1233 3261 scripsi,
1256 3176 1353 3258 vulgo

228 3284 403 3367 γέ-γαθε“;
426 3279 480 3371 Gr.
503 3275 686 3361 Littgesch.
709 3279 725 3343 Ι
746 3299 778 3360 p.
803 3281 886 3356 118).

352 3445 397 3522 ΙΙ)
432 3469 463 3508 r.

310 3566 517 3648 Digammum
545 3561 646 3627 titulis
676 3569 707 3626 et
735 3563 950 3643 grammaticis
978 3562 1112 3628 testibus
1141 3559 1231 3638 (Ahr.
1260 3561 1352 3637 130)

229 3666 258 3730 in
279 3665 387 3729 fronte
408 3659 635 3727 vocabulorum
659 3658 713 3724 diu
735 3660 849 3742 haesit,
872 3661 907 3726 in
930 3660 1044 3726 mediis
1066 3665 1173 3724 autem
1188 3657 1354 3722 vocabulis

229 3770 349 3829 mature
380 3758 520 3825 evanuit.
565 3759 623 3822 Est
650 3757 748 3840 igitur
776 3760 889 3824 eadem
919 3758 1016 3839 ratio,
1050 3775 1133 3838 quae
1161 3754 1195 3818 iu
1223 3751 1354 3817 Homeri

230 3859 424 3926 carminibus
440 3849 584 3937 quamvis
599 3853 793 3920 adversante
809 3857 919 3922 Leone
934 3856 1063 3938 Meyero
1079 3848 1248 3917 intercedit
1270 3849 1354 3912 inter

230 3965 397 4040 utrumque
419 3955 480 4019 hoc
503 3952 655 4035 digammi
680 3973 793 4035 genus.

296 4212 330 4278 34)
356 4209 411 4264 Pro
436 4204 639 4262 ΣιΑΝοΡιΔΑΣ
658 4206 694 4276 ζο.
716 4207 789 4269 1574,
809 4209 838 4252 en
864 4198 977 4268 praebet
997 4197 1029 4251 L.
1054 4198 1270 4248 εΜΑΝοΡιΔΑΣ
1294 4194 1312 4250 i.
1329 4209 1352 4249 e.

233 4289 430 4363 Elr’rluvont'das.
1112 4360 1151 4414 4*
