3442 5359
630 429 662 485 de
679 429 880 498 praepositione
896 429 973 500 μετά.
1310 429 1369 489 123

228 623 352 671 eorum
381 603 432 669 vis
461 609 528 684 est,
558 621 629 667 oum
656 601 785 687 proprie
812 602 893 668 nihil
923 602 985 668 nisi
1012 603 1152 687 aliquam
1182 604 1245 670 loci
1269 611 1371 671 muta·

224 701 363 768 tionem
386 698 575 784 significent.
611 700 680 764 Iam
702 719 777 766 vero
801 699 931 766 easdem
954 701 1216 784 praepositiones,
1239 699 1280 767 de
1301 701 1370 784 qui-

225 799 299 866 bus
323 797 421 864 modo
444 795 529 878 dixi,
553 797 648 863 etiam
670 817 800 882 prorsus
822 798 982 864 contraria
1002 797 1034 861 vi
1057 805 1227 882 usurpatas
1248 800 1371 866 inveni·

225 917 328 980 mus,
361 901 498 979 possunt
520 895 605 961 enim
635 902 667 961 θῖ
694 896 756 962 hae
779 901 810 961 et
832 896 1009 961 nonnullae
1031 895 1115 961 aliae
1143 896 1224 961 sicut
1245 897 1369 963 initium

224 995 282 1062 ita
317 992 416 1059 linem
438 992 572 1057 alicuius
593 992 728 1059 actionis
750 999 872 1058 notare.
918 992 1015 1059 Cuius
1043 992 1089 1059 rei
1112 995 1262 1076 exempla
1283 995 1370 1060 lucu-

226 1091 426 1159 lentissima
455 1086 628 1172 ἀπαλγέω,
660 1084 936 1175 ἀπολοφάρομαι,
953 1090 1085 1170 similia
1114 1091 1178 1156 lam
1207 1093 1313 1157 attulit
1336 1100 1367 1158 et

227 1190 365 1274 optime
392 1188 567 1272 explicavit
589 1187 847 1271 Schoemannus3
876 1187 1032 1254 accedunt
1061 1194 1168 1253 autem
1197 1189 1261 1256 illis
1290 1190 1365 1272 alia,

228 1307 377 1370 quorum
400 1287 450 1352 vis
470 1286 555 1353 bene
577 1285 755 1369 explicatur
777 1294 885 1351 nostro
907 1286 1005 1351 verbo
1028 1285 1159 1358 uittam
1181 1286 1368 1352 sicutenim

228 1385 302 1451 hoo
340 1405 363 1449 a
394 1384 524 1468 propria
555 1384 588 1449 vi
625 1404 707 1467 qnae
741 1390 789 1450 θεῖ
825 1382 1001 1448 desistendi
1040 1384 1082 1448 ab
1116 1385 1224 1467 aliqua
1260 1405 1295 1451 re
1327 1385 1369 1450 ad

231 1482 408 1547 notionem
435 1479 583 1564 finiendi,
612 1480 804 1548 absolvendi
835 1480 886 1559 (of.
915 1479 980 1542 sich
1004 1481 1186 1565 entlcdipen)
1213 1483 1368 1566 pervenit,

232 1580 360 1647 eadem
375 1578 430 1645 via
446 1579 576 1645 Graecis
591 1580 699 1645 verbis
715 1572 952 1659 ἀπεργάζομοι,
975 1572 1124 1657 auerso,
1148 1572 1365 1665 ἀποπληρόω,

234 1677 412 1759 similibus,
435 1676 560 1742 Latinis
583 1677 737 1760 difforme,
761 1674 872 1759 dcfipo,
899 1675 1030 1759 ἀφίνφο,
1055 1677 1128 1742 aliis
1151 1679 1308 1760 effectiva,
1332 1685 1366 1743 ut

234 1777 287 1842 ita
303 1774 420 1856 dicam,
444 1774 494 1839 vis
510 1778 558 1839 est
572 1774 734 1856 attributa,
758 1794 821 1857 qua
843 1793 910 1838 rem
933 1775 1129 1857 propositam
1145 1775 1257 1842 conlioi
1272 1776 1369 1859 signi·

237 1871 364 1939 ficatur.
403 1871 476 1936 Non
499 1891 627 1953 prorsus
649 1871 762 1937 eadem
787 1879 835 1937 θεῖ
849 1878 966 1936 natura
980 1873 1148 1938 verborum
1171 1866 1366 1950 ἀποκτείνω,

240 1963 462 2054 ἀποτοφλόω,
486 1965 684 2053 ἀποσφάξω,
701 1964 892 2053 ἀποφαίνω,
910 1968 1034 2048 alneco,
1055 1971 1190 2048 abactae,
1208 1969 1368 2048 absorbes,

242 2068 374 2140 delanio,
399 2066 587 2140 demonstro,
612 2085 757 2148 quaeque
772 2066 890 2132 similia
908 2075 996 2149 sunt;
1020 2088 1095 2133 nam
1118 2068 1211 2134 iniis
1235 2088 1370 2153 praepo·

241 2166 361 2233 sitione
383 2185 448 2229 non
464 2171 529 2228 tam
551 2163 709 2229 indicatur
730 2165 907 2230 subiectum
930 2164 971 2229 ab
987 2166 1114 2233 actione
1130 2166 1276 2232 durativa
1297 2168 1370 2232 sim-

243 2265 337 2349 plicis
366 2262 457 2328 verbi
490 2261 660 2343 desistere,
694 2281 790 2344 quam
825 2264 984 2329 obiectum
1015 2263 1087 2346 ipsa
1118 2264 1208 2330 verbi
1242 2266 1368 2330 actione

242 2380 373 2447 prorsus
397 2379 415 2426 e
437 2359 572 2443 pristina
594 2379 653 2424 sua
675 2359 864 2426 condicione
885 2361 919 2425 in
941 2381 1058 2425 novam
1082 2363 1181 2443 illam,
1204 2383 1299 2444 quam
1323 2363 1368 2428 el·

244 2458 413 2525 liciendam
437 2456 497 2522 sibi
520 2464 729 2540 proposuerat
750 2458 936 2539 subiectum,
960 2458 1133 2524 transferri.
1172 2459 1246 2523 Alia
1261 2478 1368 2524 rursus

244 2558 369 2623 ratione
383 2554 537 2621 adverbio
554 2546 617 2618 ἀνά
639 2552 779 2637 praefixo
795 2555 885 2620 verbi
901 2557 949 2621 vis
965 2555 1067 2638 magis
1089 2556 1250 2621 intensiva
1271 2561 1369 2638 atque

245 2654 393 2721 effectiva
408 2650 568 2734 redditum
592 2652 670 2733 qnid
693 2653 777 2717 enim
801 2653 890 2719 aliud
912 2654 1093 2736 significant
1108 2654 1207 2718 verba
1222 2645 1368 2733 ἀναμαν-

244 2750 351 2830 aava,
376 2745 596 2826 ἀναδιδάσκω,
621 2742 789 2831 ἀνελέγχω,
807 2743 1005 2832 ἀναμετρέω,
1023 2744 1229 2828 ἀνασκοπίω,
1253 2749 1371 2815 similia

244 2851 305 2916 nisi
327 2850 404 2930 hoe,
434 2846 593 2912 actionem
616 2847 706 2912 verbi
728 2849 769 2913 ab
792 2847 883 2914 initio
906 2847 1070 2932 usquead
1097 2847 1191 2913 finem
1214 2845 1369 2931 perduoi?

244 2949 397 3014 Attamen
419 2945 499 3010 haee
514 2945 687 3028 explicatio
710 2968 774 3012 non
797 2966 900 3028 aeque
915 2947 1051 3030 quadrat
1073 2947 1107 3011 in
1130 2947 1237 3011 omnia
1259 2946 1367 3027 verba,

244 3065 378 3128 quorum
407 3043 520 3108 similis
550 3048 598 3108 θεῖ
633 3043 720 3108 οοῖίο
751 3044 914 3128 effectiva3
947 3047 1046 3110 multo
1076 3046 1161 3110 enim
1191 3044 1367 3128 simplicius

243 3143 342 3209 verba
365 3134 555 3225 ἀναφαίνω,
589 3133 813 3221 ἀναδείκνομι,
839 3134 1018 3224 ἀνευρίσκω
1046 3163 1063 3208 θ
1086 3145 1215 3227 propria
1237 3142 1368 3209 notione

243 3241 308 3324 arcs
322 3237 541 3323 explicantur,
570 3237 616 3303 ita
646 3243 679 3302 ut
708 3238 820 3304 eodem
843 3240 939 3305 modo
969 3262 1031 3324 quo
1059 3241 1093 3305 in
1121 3241 1237 3305 nostris
1260 3240 1368 3305 verbis

242 3335 427 3422 naszer'pen,
458 3334 619 3420 uusfiadea
648 3335 807 3401 obiectum
830 3339 922 3419 quasi
950 3338 984 3402 in
1005 3340 1109 3403 lucem
1138 3338 1208 3402 tolli
1238 3336 1368 3402 dicatur.

242 3434 410 3500 Accedunt
437 3432 518 3498 haec
540 3434 639 3498 verba
667 3433 799 3517 propius
828 3434 872 3500 ad
900 3436 1067 3517 vulgarem
1091 3433 1177 3499 vocis
1207 3429 1270 3497 ἀνά
1297 3451 1368 3497 oum

241 3532 350 3597 verbis
373 3532 651 3614 compositionem,
681 3552 755 3596 nam
785 3532 849 3596 iam
879 3534 913 3596 in
941 3532 981 3596 ils
1003 3533 1107 3596 minus
1130 3531 1298 3595 obscurata
1320 3536 1369 3594 est

243 3629 377 3714 propria
405 3629 518 3694 localis
541 3629 787 3713 praepositionis
811 3631 875 3710 vis,
906 3648 988 3711 quae
1011 3629 1108 3693 etiam
1131 3627 1232 3709 magis
1263 3626 1367 3692 elucet

241 3728 275 3791 in
297 3725 423 3807 verbis,
449 3726 482 3790 in
505 3727 618 3809 quibus
641 3733 673 3792 et
693 3727 772 3810 ipsis
794 3746 1024 3807 nonnunquam
1047 3724 1127 3789 nihil
1151 3724 1216 3789 lere
1238 3722 1300 3789 nisi
1322 3723 1369 3788 in·

242 3824 404 3890 tensivam
427 3821 590 3905 quandam
605 3824 670 3889 vim
693 3821 826 3906 praefixi
848 3825 1012 3902 sentimus,
1035 3823 1125 3886 utin
1148 3815 1366 3905 ἀνεγείρω,

243 3918 436 4005 uusweclrea,
459 3923 583 4000 suscito,
613 3913 858 4003 ἀνερεθίζω,
891 3919 1092 4002 cusiriapcn,
1116 3939 1211 4002 porro
1233 3920 1267 3983 in
1290 3912 1370 3983 ἀνα-

244 4017 436 4102 πίμπλημι,
461 4014 676 4105 ἀναπίηρόω,
702 4017 862 4102 casilien,
886 4020 906 4083 i.
931 4038 957 4084 θ.
981 4037 1065 4096 ,ven
1088 4024 1187 4082 unten
1214 4016 1263 4083 bis
1286 4017 1369 4082 oben
