3442 5359
639 1524 976 1594 Punuuounuus.

654 1664 661 1673 ’
774 1699 846 1776 §¹-

320 1846 567 1912 Vocabulorum
583 1848 829 1931 compositorum
848 1850 1021 1916 novissimo
1045 1858 1188 1935 tempore
1203 1852 1263 1917 viu‘
1285 1853 1370 1920 docti

269 1945 451 2029 squidem,
484 1964 565 2028 quae
595 1946 757 2009 nominum
786 1947 870 2012 inter
899 1967 935 2014 se
963 1949 1186 2015 coniunctione
1208 1957 1283 2016 sunt
1310 1951 1370 2017 ior·

270 2052 342 2124 tata,
374 2062 499 2109 summo
528 2042 633 2108 studio
663 2043 920 2126 perquisiverunt
947 2045 1055 2128 itaque
1084 2045 1125 2112 de
1154 2047 1248 2114 huius
1269 2048 1370 2132 ipsius

270 2143 353 2207 assis
376 2148 409 2206 et
432 2141 534 2204 forma
556 2147 588 2206 et
608 2139 640 2204 vi
662 2146 711 2205 sat
733 2142 842 2208 multis
865 2143 954 2208 libiis
976 2143 1136 2209 uberrime
1157 2151 1255 2227 atque
1275 2165 1368 2212 accu-

270 2238 401 2305 ttissime
424 2245 474 2305 est
494 2236 683 2321 expositum.
722 2238 852 2303 Nullum
869 2241 945 2305 vero
967 2241 1124 2307 habemus
1147 2241 1271 2324 librum,
1295 2263 1367 2326 quo,

270 2356 324 2402 uae
339 2337 381 2402 sit
396 2337 565 2401 verborum
581 2335 819 2419 compositionis
836 2339 928 2419 ratio,
952 2338 1153 2420 edoceamur,
1177 2359 1367 2422 quamquam

270 2441 327 2500 crte
349 2434 522 2515 nonnulla,
553 2453 634 2516 qnae
657 2434 718 2499 huc
740 2440 903 2517 spectant,
927 2454 948 2500 a
969 2436 1074 2500 Pottio
1096 2437 1130 2501 in
1153 2443 1288 2519 quaesit.
1312 2445 1366 2503 ett.

270 2531 338 2595 oli
360 2531 505 2596 indicata
520 2531 623 2613 magis
639 2551 733 2613 qnam
757 2532 882 2597 ratione
904 2538 936 2598 et
951 2532 1005 2597 via
1027 2533 1174 2617 exposita
1195 2541 1278 2616 sunt,
1301 2535 1368 2600 alia

270 2628 374 2694 baliis
396 2629 448 2694 hic
470 2629 537 2694 illic
559 2635 633 2694 sunt
655 2636 799 2712 tractata.
838 2628 943 2695 Causa
965 2648 1020 2695 cur
1041 2631 1146 2697 adhuc
1169 2652 1208 2698 ea
1223 2633 1366 2715 quaestio

270 2746 309 2792 ue
330 2728 480 2809 neglecta
501 2729 552 2808 sit,
575 2727 712 2795 fortasse
732 2727 812 2793 haec
835 2733 893 2808 est,
917 2727 1002 2810 quod
1025 2728 1272 2812 primoquidem
1296 2748 1366 2794 ocu-

270 2845 345 2889 uum
375 2825 487 2890 obtutu
518 2831 584 2889 tota
612 2825 781 2889 verborum
812 2825 999 2908 compositio
1034 2833 1099 2890 tam
1128 2826 1266 2910 simplex
1295 2846 1367 2894 esse

270 2921 379 3002 idetur,
402 2928 437 2988 ut
453 2923 507 2987 vix
522 2922 666 3005 quaestio
690 2921 731 2987 de
754 2940 793 2986 ea
808 2923 929 2987 moveri
951 2921 1061 3006 possit,
1085 2923 1271 3006 praesertim
1294 2943 1366 2988 cum

270 3019 543 3104 ecomparatione
568 3019 695 3102 quidem
725 3020 904 3102 linguarum
934 3027 1141 3102 cognatamm
1170 3019 1259 3085 aliud
1289 3019 1365 3103 quid

270 3116 323 3183 ilici
346 3137 440 3202 posse
463 3117 625 3197 videatur,
654 3137 748 3200 quam
772 3124 806 3182 ut
828 3117 972 3199 regulam
995 3117 1210 3198 notissimam,
1240 3136 1366 3200 exque

270 3235 312 3279 um
336 3216 425 3280 nullo
447 3216 511 3279 alio
526 3215 683 3280 vocabulo
705 3216 767 3280 nisi
790 3234 860 3279 cum
884 3215 1122 3298 praepositione
1138 3215 1269 3281 verbum
1292 3234 1365 3281 con-

270 3313 394 3396 mgitur,
427 3333 485 3396 pei·
509 3332 619 3378 omnes
640 3312 949 3394 Indogenmanorum
974 3312 1102 3396 linguas
1124 3314 1239 3380 valere.
1256 3311 1366 3378 confir·

270 3413 381 3486 tetur¹).
425 3412 472 3475 Ac
494 3411 652 3494 proiecto,
675 3410 702 3476 si
725 3410 811 3475 solas
833 3409 952 3476 formas
975 3418 1172 3494 spectamus,
1201 3410 1256 3475 vix
1279 3411 1363 3493 quic-

271 3528 334 3572 uam
362 3508 500 3574 inveniti
531 3515 651 3592 potest,
683 3506 768 3589 quod
797 3507 974 3590 simplicius
1002 3508 1043 3574 sit
1071 3527 1165 3591 quam
1194 3508 1362 3574 verbomm

271 3625 309 3669 un
336 3606 628 3690 praepositionibus
658 3605 853 3688 compositio.
898 3603 988 3684 Quae
1015 3606 1049 3669 in
1081 3606 1206 3671 Graeca
1234 3605 1362 3687 quidem

271 3722 349 3786 ugua
371 3705 559 3786 plemmque
580 3704 627 3768 ita
648 3702 691 3782 fit,
714 3709 749 3767 ut
764 3709 898 3783 utraque
920 3723 995 3785 pars
1017 3723 1146 3785 promus
1161 3722 1226 3766 non
1241 3708 1364 3766 mutata

271 3807 421 3890 cmaneat3
452 3799 653 3884 excipiuntur
675 3807 798 3865 tantum
821 3818 942 3883 parvae
963 3800 1040 3864 illae
1063 3797 1275 3882 praefixomm
1295 3819 1363 3863 mu·

271 3897 393 3980 tiones,
423 3916 505 3980 quae
534 3898 565 3961 in
590 3916 627 3963 eo
651 3904 836 3979 cernuntur,
868 3896 954 3980 quod
976 3896 1097 3961 vocalis
1125 3895 1259 3959 finitima
1287 3903 1363 3961 ante

271 3997 366 4061 >cales
389 3995 477 4079 apud
500 4014 610 4062 omnes
629 3995 770 4061 Graecos
794 3995 880 4061 etin
903 3993 1050 4059 omnibus
1072 3992 1363 4076 praepositionibus

271 4131 440 4142 ψ..-

310 4198 327 4261 ¹t
346 4195 386 4249 Cf.
411 4195 523 4250 Lobeck
545 4196 580 4250 ad
604 4195 703 4266 Phryn.
727 4213 752 4265 p.
772 4200 821 4250 560
833 4211 888 4264 sqq.
914 4194 948 4249 de
970 4162 1017 4262 iis,
1041 4208 1110 4262 quae
1136 4193 1171 4248 eb
1193 4193 1245 4248 hac
1267 4209 1362 4249 norma

272 4275 370 4331 cedunt
386 4277 428 4331 vel
446 4276 572 4330 recedere
590 4276 736 4331 videntur.v

1122 4361 1157 4412 S*
