3442 5359
373 739 414 802 86
686 741 850 796 Beermann:
870 740 903 794 de
921 741 1036 795 dialecto
1054 739 1191 796 Boeotios.

373 914 586 998 patronymici
602 919 740 995 utantur,
763 934 957 997 quamquam
972 913 1056 977 hano
1073 912 1295 977 formationem
1312 930 1354 976 ne
1369 911 1417 974 illi
1434 911 1504 993 qui·

374 1011 446 1076 dem
462 1012 658 1094 ignorant.⁵⁵)
690 1012 781 1077 Illius
797 1020 903 1077 autem
920 1010 1117 1076 formationis
1140 1011 1174 1074 in
1189 1011 1261 1076 aliis
1286 1009 1443 1091 dialectis,
1468 1016 1503 1074 ut

372 1109 517 1174 omittam
532 1109 701 1174 Homerica
721 1106 931 1191 Τελαμώνιος
946 1107 1038 1184 Αἴας
1054 1115 1123 1189 eto,
1141 1108 1324 1191 exemplum
1340 1107 1417 1172 novi
1431 1107 1505 1170 nul·

371 1208 448 1271 lum.
473 1206 544 1270 Vim
559 1206 652 1272 huius
668 1206 847 1288 argumenti
863 1205 1098 1287 quodammodo
1114 1206 1339 1270 imminuturus
1354 1205 1504 1269 Hinrioh·

372 1305 438 1371 sius
455 1310 496 1387 tp.
512 1307 584 1379 152)
600 1303 719 1387 profert
735 1305 835 1370 satius
851 1323 922 1369 esse
937 1323 1004 1368 rem
1020 1305 1287 1387 praetermittere,
1311 1302 1504 1386 praesertim

372 1423 443 1468 cum
472 1404 505 1466 in
534 1403 635 1468 titulis
663 1402 894 1468 recentioribus
923 1402 1040 1484 ubique
1062 1402 1188 1483 longior
1209 1402 1392 1466 terminatio
1416 1421 1505 1476 ·ειος

372 1507 443 1583 (pro
465 1502 543 1576 ·ιος)
566 1500 756 1565 inveniatur.
790 1501 833 1563 At
854 1499 888 1563 in
911 1500 1059 1564 omnibus
1081 1498 1259 1580 adiectivis,
1283 1518 1367 1580 quae
1390 1520 1411 1563 a
1434 1500 1504 1564 stir-

370 1598 465 1681 pibus
487 1599 521 1662 in
542 1619 579 1661 -o
604 1597 797 1679 derivantur,
820 1601 948 1681 praeter
963 1619 1032 1673 -ιος
1053 1597 1234 1662 terminatio
1256 1618 1342 1671 -ειος
1361 1597 1417 1661 vel
1432 1618 1504 1671 -εος

370 1695 446 1760 trita
474 1701 506 1761 et
533 1696 725 1778 pervolgata
755 1700 804 1760 est
832 1695 911 1770 (Leo
933 1685 1043 1779 Meyer
1071 1696 1209 1769 11459).
1255 1694 1362 1759 Minus
1393 1714 1502 1777 urgeo,

371 1793 456 1876 quod
479 1793 592 1857 Boeoti
622 1799 654 1858 et
676 1793 786 1858 Lesbii
807 1793 1011 1875 participium
1040 1791 1119 1874 perf.
1142 1798 1202 1857 act.
1226 1793 1259 1856 in
1282 1817 1356 1868 -ων,
1388 1815 1503 1867 -οιντος

371 1891 562 1972 formabant,
585 1910 657 1955 eum
680 1889 822 1955 eiusdem
844 1890 991 1956 flexionis
1014 1890 1151 1972 vestigia
1173 1891 1270 1955 etiam
1293 1890 1382 1972 apud
1400 1893 1502 1956 Dores

371 1987 460 2062 (Ahr.
490 1989 623 2061 11331)
652 1995 833 2068 occurrant,
867 1986 985 2053 deinde
1015 1986 1100 2067 quod
1129 1993 1160 2053 et
1189 1988 1302 2052 Boeoti
1331 1993 1363 2053 et
1393 1989 1502 2054 Lesbii

371 2084 559 2168 productam
580 2085 724 2151 vocalem
746 2087 780 2150 in
796 2085 923 2151 casibus
939 2085 1076 2167 obliquis
1098 2085 1242 2168 stirpium
1258 2086 1291 2150 in
1307 2109 1358 2161 -ες
1373 2093 1407 2150 et
1422 2087 1501 2152 anti-

372 2183 514 2265 quiorem
537 2182 706 2248 verborum
728 2183 980 2249 derivativorum
1000 2182 1222 2248 formationem
1245 2182 1363 2248 diutius
1386 2185 1501 2250 retine·

372 2282 460 2345 bant.
504 2279 724 2346 Consonarum
748 2286 855 2346 autem
879 2279 1137 2346 assimulationes
1163 2279 1216 2356 (et
1238 2301 1296 2363 pro
1320 2281 1350 2358 ζ,
1382 2306 1420 2344 π
1443 2303 1498 2365 pro

371 2382 438 2454 oz),
469 2378 582 2460 quibus
613 2378 707 2443 etiam
739 2378 943 2443 Doriensium
971 2379 1119 2442 nonnulli
1147 2379 1334 2458 utebantur,
1364 2379 1398 2442 in
1429 2400 1500 2444 con·

370 2476 503 2540 trariam
531 2483 655 2558 partem
677 2476 792 2542 afferre
814 2496 881 2539 non
907 2476 996 2555 lieet,
1026 2495 1098 2540 cum
1120 2477 1162 2541 ab
1185 2484 1294 2542 vetere
1317 2477 1498 2543 Boeotismo

370 2572 435 2638 sint
463 2573 591 2639 alienae
618 2573 727 2655 itaque
756 2592 886 2655 prorsus
915 2593 972 2638 suo
1000 2574 1102 2639 Marte
1132 2573 1277 2656 singulae
1306 2574 1439 2640 dialecti
1466 2577 1498 2638 in

371 2672 422 2736 his
444 2673 578 2753 egerint.
623 2671 688 2736 Sed
717 2671 798 2735 haec
821 2670 949 2753 quidem
972 2670 1143 2752 hactenus,
1170 2672 1235 2736 iam
1259 2672 1344 2737 enim
1369 2671 1498 2738 demon-

370 2775 490 2834 strasse
511 2763 725 2835 mihi'videor
746 2767 795 2850 id,
820 2768 905 2850 quod
928 2787 1168 2852 proposueram.

401 2876 403 2881 ’
456 2868 620 2933 Postremo
642 2867 668 2932 si
691 2867 739 2931 de
762 2866 1019 2948 antiquitate
1042 2864 1171 2931 dialecti
1187 2866 1359 2932 Boeoticae
1374 2875 1408 2932 et
1422 2869 1496 2932 Les-

370 2965 482 3030 biaoae
511 2966 708 3047 quaerimus,
740 2964 896 3046 imprimis
925 2962 1141 3029 definiendum
1170 2969 1235 3044 est,
1265 2965 1354 3030 cuius
1381 2967 1496 3031 aetatis

371 3062 586 3129 Boeotismum
609 3082 680 3128 cum
702 3062 861 3128 Lesbiaea
883 3062 1022 3126 dialecto
1037 3081 1268 3150 comparemus.
1298 3061 1376 3128 Sine
1400 3064 1495 3128 dubio

370 3163 454 3227 enim
477 3160 678 3226 Boeotismus
699 3159 842 3226 ineuntis
870 3158 937 3224 fere
959 3158 1060 3241 quinti
1083 3159 1202 3224 saeculi
1225 3159 1398 3224 dialectum
1421 3163 1496 3227 Les·

369 3258 494 3322 biacam
523 3256 665 3325 eiusdem
694 3257 846 3340 temporis
875 3255 1064 3338 antiquitate
1089 3258 1225 3322 multum
1248 3264 1396 3340 superat,
1426 3280 1495 3324 eum

370 3354 508 3436 dualem,
531 3355 695 3438 antiquom
718 3378 737 3416 τ
755 3360 787 3420 et
808 3379 829 3417 r
850 3354 966 3420 melius
989 3353 1133 3435 servarit,
1158 3354 1366 3437 barytonesin
1389 3364 1496 3423 autem

369 3457 402 3517 et
423 3451 557 3534 psilosin
581 3453 622 3516 sit
643 3457 807 3533 aversata,
836 3451 966 3516 inferior
988 3471 1067 3517 sane
1089 3456 1138 3517 eet
1158 3451 1298 3517 Lesbide
1320 3453 1354 3517 in
1381 3455 1496 3537 produ-

369 3550 475 3614 ctione
498 3548 695 3632 suppletoria
717 3551 747 3628 (ξ
771 3551 846 3625 ia).
892 3548 1012 3627 Quarto
1036 3547 1165 3632 quidem
1188 3553 1220 3613 et
1248 3550 1342 3615 tertio
1365 3554 1494 3618 saeculo

370 3647 499 3712 Boeotis
532 3647 572 3711 ab
604 3648 664 3711 illa
692 3647 883 3728 antiquitate
912 3653 943 3712 et
971 3647 1129 3712 vocalium
1159 3652 1191 3710 et
1219 3665 1434 3714 consonarum
1461 3652 1494 3714 in

370 3745 598 3810 mutationibus
626 3746 738 3809 mirum
767 3752 920 3826 quantum
953 3745 1089 3824 recedit,
1123 3750 1219 3825 atque
1248 3746 1373 3813 collatis
1403 3749 1494 3813 huius

368 3842 521 3926 temporis
545 3843 691 3908 dialectis
713 3841 887 3908 seeundum
909 3841 1042 3907 Lesbios
1072 3840 1112 3905 de
1141 3841 1331 3922 antiquitate
1353 3845 1493 3910 iudicau-

287 3967 292 3976 ·
370 3941 445 4005 dum
469 3947 526 4006 est.

439 4094 471 4156 ⁵⁵)
498 4091 540 4145 De
562 4090 726 4145 Thessalicis
752 4091 809 4144 eius
831 4089 935 4158 generis
958 4088 1165 4144 formationibus
1190 4108 1213 4143 r.
1238 4089 1306 4142 Ahr.
1329 4091 1436 4159 11535,
1458 4091 1489 4144 de

370 4171 700 4237 BoeotieisAlrr.1214,
722 4171 750 4224 lI
768 4175 816 4223 526
841 4169 923 4235 (Keil,
946 4169 1028 4246 inser.
1047 4169 1168 4225 Thessal.
1191 4175 1260 4237 tres,
1283 4170 1398 4227 Naumb.
1421 4177 1488 4236 1857,

368 4267 396 4318 p.
411 4257 451 4315 a),
476 4251 508 4306 de
525 4251 665 4306 Lesbiacis
683 4251 747 4304 Ahr.
766 4252 779 4304 Ι
800 4256 855 4318 158,
874 4251 900 4304 ΙΙ
918 4255 976 4303 499.
