3442 5359
870 728 1022 785 Beermann

899 1023 918 1101 5
942 1023 991 1085 6.

701 1173 752 1227 DE
772 1170 947 1228 CONSONIS
964 1168 1186 1254 Exnnosnns.

508 1314 535 1389 Ι)
574 1314 630 1378 De
656 1311 957 1379 Gutturalibus.

368 1415 374 1427 ’
467 1438 498 1507 a)
521 1432 695 1515 Antiquom
710 1455 729 1495 κ
743 1437 888 1498 servatur
903 1431 935 1495 16
953 1425 1152 1503 triaiios
1169 1427 1342 1495 Herodian.
1354 1428 1370 1492 I
1384 1429 1495 1508 158,n;

381 1530 415 1597 ΙΙ
431 1534 502 1610 559,
521 1543 560 1612 55,
575 1531 671 1613 volgo
688 1522 879 1614 ὀφθαλμός,
903 1530 992 1594 56165
1006 1528 1101 1593 radix
1115 1534 1164 1592 est
1179 1525 1407 1601 6151664456.
1423 1527 1495 1623 681).

468 1647 500 1718 6)
534 1643 623 1724 wig,
657 1665 761 1712 aoous.
787 1650 876 1707 Φῒκα
897 1665 955 1728 pro
976 1639 1084 1726 Σφίγξ
1111 1641 1179 1707 sine
1201 1642 1306 1706 nasali
1329 1639 1498 1707 5565161-

381 1744 451 1810 nali
479 1744 604 1810 abieoto
635 1744 825 1810 Boeotorum
854 1742 952 1808 fuisse
981 1739 1095 1805 dieitur
1123 1759 1143 1804 a
1175 1739 1392 1822 grammaticis
1419 1739 1497 1816 (665.

383 1843 398 1906 Ι
425 1847 499 1926 114,
523 1840 609 1908 5665
632 1842 717 1907 Fest.
741 1862 772 1924 p.
796 1843 874 1922 206,
898 1844 939 1919 3),
970 1840 1031 1904 hoo
1052 1845 1158 1903 autem
1180 1862 1199 1900 κ
1221 1837 1408 1903 Boeotioum
1430 1835 1501 1901 auti·

383 1939 504 2021 quitate
526 1945 692 2023 praestare
713 1938 837 2020 volgari
860 1961 879 2019 y
902 1936 1088 2020 comprobat
1110 1934 1236 2000 Curtius
1258 1934 1345 2007 (Gz.⁴
1371 1936 1453 2011 186).

469 2059 497 2127 5)
534 2079 553 2118 κ
583 2075 653 2137 pro
684 2078 705 2134 χ
735 2061 785 2118 551
812 2054 845 2118 16
876 2052 1006 2117 6556165
1032 2047 1203 2126 Βακεύπας
1231 2048 1326 2115 0556.
1356 2049 1391 2114 6.
1418 2049 1500 2114 1639.

382 2148 554 2228 Βακεύπας
577 2152 662 2216 enim
685 2171 754 2216 oum
777 2172 798 2216 a
821 2147 965 2231 Βακχεύς
993 2154 1062 2232 (pro
1084 2147 1224 2228 Βάκχος)
1253 2149 1309 2212 vix
1338 2146 1441 2230 possit
1461 2164 1502 2211 se·

381 2249 509 2331 gregori
537 2256 634 2332 atque
655 2247 800 2330 Βακχεύς
828 2249 946 2313 dietum
976 2248 1017 2312 sit
1044 2268 1102 2330 pro
1131 2241 1284 2325 *Βαχεύς
1311 2253 1346 2310 61
1375 2242 1502 2328 §Aaou

381 2367 439 2429 pro
464 2343 552 2432 σοφή
580 2346 664 2425 (Gan
688 2349 778 2426 689),
808 2366 848 2412 ex
877 2344 1028 2426 *Βαχευ-
1056 2344 1187 2428 dempto
1212 2342 1322 2408 afflatu
1350 2341 1504 2427 prodiisse

381 2443 517 2510 videtur.
549 2443 708 2511 Fortassis
730 2451 838 2510 tamen
861 2443 1018 2510 16556155
1035 2467 1107 2523 rex,
1131 2443 1216 2509 6665
1239 2448 1370 2508 emanat
1391 2459 1504 2507 nomeu

382 2541 435 2607 651
464 2542 686 2625 (8555156555,
719 2542 760 2608 65
788 2542 851 2625 dig.
883 2564 914 2625 p.
939 2545 996 2625 243
1026 2541 1099 2606 Ga⁴
1123 2544 1212 2622 563),
1243 2541 1347 2624 ipsum
1378 2564 1397 2618 χ
1426 2559 1506 2604 exa

382 2646 493 2704 natum
506 2646 561 2705 ost
583 2637 632 2717 (oi.
657 2639 731 2705 nze
754 2644 827 2718 453)
849 2641 910 2726 ita,
933 2645 968 2705 ut
990 2640 1023 2703 in
1045 2636 1172 2714 Βακεύς
1194 2643 1322 2723 praesto
1344 2637 1388 2702 sit
1409 2637 1507 2702 forma

382 2737 569 2821 principalis
598 2744 630 2803 et
661 2738 722 2804 hoo
751 2738 863 2804 ordino
892 2738 1085 2803 mutationes
1113 2737 1252 2803 nominis
1280 2735 1505 2820 prooesserint:

381 2833 517 2911 Βακεύς,
540 2833 703 2916 *Βαχεύς,
724 2833 879 2916 Βακχεύς.

254 2992 258 3002 .
470 2935 597 2999 Deinde
618 2959 636 2996 κ
653 2955 716 3018 ¹pro
738 2959 756 3013 χ
779 2935 895 3017 legitur
915 2934 949 2998 in
968 2929 1188 3014 Καλλικάριος
1210 2932 1312 2998 Theb.
1331 2931 1367 2997 O.
1386 2936 1507 3011 1577‚o

381 3037 426 3110 (at
447 3031 680 3114 Χαρίσανδρος
703 3032 779 3117 Cop.
804 3032 837 3097 G.
864 3035 955 3113 1574,
976 3044 1008 3093 36
1029 3033 1107 3111 (6.);
1131 3023 1332 3112 Ἀντιχάριος
1353 3029 1448 3097 0556.
1471 3030 1505 3093 R.

382 3133 454 3212 898,
469 3142 527 3213 21);
549 3123 700 3213 Ἀρηικός
722 3129 845 3196 65656.
861 3130 922 3195 K.²
937 3134 1034 3212 3534
1055 3131 1118 3208 (vol
1140 3135 1310 3213 proptera
1334 3149 1400 3194 656
1422 3129 1457 3193 16
1479 3149 1505 3191 ει

362 3216 537 3293 Ι56616166
561 3235 772 3311 5656551665),
791 3221 960 3309 Ἑρμαϊκός
983 3225 1077 3293 0556.
1100 3228 1159 3292 Κ.2
1182 3230 1351 3309 3811611.
1390 3227 1506 3293 161115

381 3345 452 3390 oum
485 3327 735 3391 transcribentes
770 3345 894 3392 errasse
926 3326 1081 3391 oonoedat
1114 3326 1278 3391 Boeokhio
1311 3332 1343 3390 et
1373 3323 1506 3391 Ahrenti

382 3425 410 3501 (I
435 3426 505 3504 172,
528 3423 561 3487 II
584 3426 657 3498 516)
679 3423 805 3488 Keilius
828 3427 855 3501 (2
877 3445 908 3508 p.
926 3427 1011 3505 511),
1033 3425 1068 3489 16
1089 3423 1150 3488 655
1172 3418 1365 3505 (Ἑρμαϊκός)
1388 3429 1506 3488 tutatur

381 3546 400 3585 κ
428 3521 568 3586 litteram
597 3525 693 3603 atque
721 3521 766 3585 ita
797 3521 955 3604 explieat,
988 3528 1024 3586 ut
1052 3530 1219 3600 utrumque
1252 3521 1285 3585 16
1317 3542 1378 3586 656
1410 3520 1505 3586 fuisse

382 3626 501 3686 statuat
535 3625 567 3684 et
595 3611 764 3699 Ἑρμαῑκός
802 3626 834 3684 et
863 3612 1032 3699 Ἑρμάῑχος
1064 3621 1215 3702 exempla
1246 3619 1505 3685 terminationum

380 3739 468 3794 -ικος
498 3723 530 3782 et
558 3737 646 3795 -ιχος
674 3716 707 3781 16
736 3737 799 3781 665
829 3717 1006 3800 eodemque
1034 3720 1164 3783 nomine
1196 3717 1393 3782 variatarum
1426 3736 1504 3782 oom-

380 3815 474 3898 plura
502 3814 649 3880 afferens.
693 3815 807 3896 Neque
836 3814 933 3879 video
941 3863 949 3896 ,
979 3816 1055 3898 quid
1084 3817 1190 3881 obstet
1216 3815 1291 3879 huie
1318 3815 1505 3880 sententiae.

377 3906 548 3997 Ἕρμαϊκός
580 3912 676 3995 igitur
706 3919 754 3978 est
782 3913 1001 3989 „Mercurialis
1009 3918 1033 3996 “‚
1063 3906 1236 3995 Ἕρμάῖχος
1264 3917 1373 3977 autem
1406 3913 1503 3991 „Meo

381 4012 550 4077 ouriolus“.
596 4040 598 4047 ·

467 4124 499 4202 6)
537 4123 615 4190 num
638 4124 769 4190 Ionibus
793 4122 943 4212 (γλήχων)
970 4126 1100 4192 Boeotis
1128 4145 1294 4192 oommune
1322 4125 1382 4190 fuit
1409 4121 1503 4208 γλά-

380 4246 459 4303 χων
482 4225 535 4287 Ar.
552 4223 630 4286 th.
651 4224 722 4287 861.
748 4227 819 4305 869,
843 4222 951 4306 γλαχώ
968 4226 1039 4305 874,
1063 4223 1148 4305 quod
1170 4223 1261 4289 audit
1281 4224 1369 4306 apud
1386 4224 1503 4315 Atticos

380 4318 517 4404 βλήχων.
564 4321 613 4385 De
635 4321 810 4404 veriloquio
833 4323 915 4387 nihil
937 4329 1062 4400 oonstat
1085 4322 1135 4397 (51.
1159 4321 1232 4388 Gz.⁴
1255 4324 1337 4399 473).
