3442 5359
866 716 1017 771 Beermenu

905 975 925 1054 e
948 977 978 1038 a

818 1122 870 1177 DE
888 1122 1070 1178 ACCENTU.

466 1262 505 1327 Id
528 1261 613 1345 quod
636 1260 820 1326 dubitanter
841 1262 1008 1345 proposuit
1029 1262 1157 1327 Absens
1179 1262 1206 1337 (l
1233 1265 1303 1338 168)
1330 1262 1506 1328 Boeotos

382 1382 461 1426 nou
483 1360 614 1425 luisse
635 1357 916 1441 βαρυντικούς
945 1361 1073 1444 egregie
1096 1357 1300 1424 confirmatur
1322 1359 1440 1424 Arcadi
1463 1366 1506 1425 te-

381 1459 544 1541 stimonio,
574 1455 660 1540 quod
687 1456 759 1540 ipse
787 1454 932 1523 deditio
955 1456 1117 1523 addendis
1143 1457 1187 1532 (ll
1210 1461 1300 1539 515),
1331 1455 1506 1522 Herodian.

380 1557 518 1639 1240,o
539 1557 592 1622 L.:
621 1554 674 1618 καὶ
698 1551 731 1620 ol
753 1552 900 1619 Βοιωτοὶ
922 1552 961 1618 τὸ
980 1553 1003 1637 ἠ
1026 1555 1092 1619 τῶν
1115 1552 1161 1631 εἷς
1183 1578 1221 1638 ης
1244 1553 1291 1630 εἷς
1314 1579 1344 1619 ει
1365 1559 1507 1637 τρέπον-

380 1677 434 1730 τες
457 1645 629 1732 ὃξύνουσιν
653 1647 747 1732 αὐτὰ,
771 1645 911 1735 εὖγενεὶς
926 1648 999 1716 ἀντὶ
1022 1645 1163 1740 εὐγενὴς,
1187 1645 1312 1735 ἆγενεὶς
1334 1648 1409 1716 ἀντὶ
1432 1645 1507 1735 ἆγε-

381 1747 448 1838 νής.
499 1752 591 1819 Alter
619 1749 737 1816 Arcadi
769 1750 859 1816 locus
888 1750 932 1815 ad
958 1757 1124 1817 accentum
1154 1758 1303 1835 spectans
1337 1748 1467 1823 (Herod.
1491 1749 1507 1814 1

384 1855 454 1931 115,
477 1852 518 1922 to)
544 1861 710 1932 corruptus
732 1854 781 1914 est
802 1868 897 1931 quam
919 1847 1059 1915 maxime
1080 1867 1185 1932 neque
1208 1847 1381 1931 quidquam
1405 1869 1447 1913 ex
1469 1868 1507 1914 eo

381 1948 486 2014 clucet
513 1945 565 2024 (el.
587 1945 665 2010 Abs.
693 1945 715 2010 1.
739 1948 788 2024 c).
837 1945 928 2011 Idem
960 1952 1066 2011 autem
1095 1946 1298 2012 Herodianus
1327 1947 1355 2023 (Ι
1378 1949 1457 2028 328,
1480 1950 1507 2025 e)

261 2077 262 2081 ¹
382 2045 423 2111 de
444 2040 531 2127 βατά
552 2043 677 2120 (Boeot.
693 2074 735 2094 =
749 2042 840 2129 γυνή)
863 2043 910 2109 ita
932 2042 1083 2127 disputat,
1106 2050 1320 2110 utaccentum
1339 2045 1373 2109 in
1394 2045 1526 2110 ultima·

380 2141 415 2206 id
443 2141 595 2208 habuisse
616 2147 783 2224 appareat.
827 2142 933 2208 Minus
956 2161 1068 2226 urgeo,
1095 2142 1180 2225 quod
1202 2143 1236 2207 in
1259 2143 1295 2206 Ε.
1317 2143 1358 2207 Μ.
1382 2146 1455 2224 315,
1480 2156 1505 2204 11

382 2237 483 2322 ἱώνγα
511 2235 747 2322 παροξυτόνως
780 2237 842 2305 diei
871 2238 1064 2321 affirmatur,
1096 2239 1197 2323 quod,
1232 2242 1258 2305 si
1291 2240 1508 2307 retraheretur

380 2343 532 2404 accentus
560 2337 593 2401 in
623 2334 692 2415 icto,
722 2335 826 2418 iovyo
854 2337 1126 2420 pronuntiandum
1156 2345 1240 2421 erot3
1275 2336 1393 2404 deinde
1421 2339 1508 2420 quod

381 2435 584 2502 Herodianus
606 2434 633 2513 (Ι
656 2439 728 2517 401,
754 2443 793 2510 16)
817 2432 877 2519 δής
899 2440 953 2513 (=
975 2434 1060 2511 δαίς)
1083 2443 1247 2521 oxytonon
1270 2437 1362 2516 dicit,
1394 2455 1466 2500 com
1490 2457 1508 2501 e

381 2533 540 2600 Lesbieca
554 2532 678 2599 ratione
700 2533 807 2617 potius
822 2531 882 2617 δῆς
903 2533 1128 2616 proferendum
1150 2535 1200 2615 sit,
1225 2540 1257 2599 et
1279 2535 1400 2615 omitto,
1425 2554 1508 2616 quae

380 2631 467 2698 idem
490 2631 516 2708 (l
539 2633 612 2713 408,
634 2642 666 2694 ro
687 2630 725 2695 ci.
748 2630 782 2695 II
806 2636 861 2712 74,
886 2639 927 2710 39)
955 2631 997 2697 de
1024 2632 1183 2714 genetiuis
1204 2633 1363 2697 Boeotiois
1391 2632 1425 2696 in
1448 2654 1507 2696 -oo

382 2729 525 2810 disserit,
550 2720 707 2810 Ὀρέσταο
736 2735 847 2794 contra
870 2721 1031 2811 ἀργεστᾶο
1057 2730 1260 2796 scribendum
1283 2749 1354 2798 esse
1378 2732 1506 2800 doeens.

381 2827 496 2909 Neque
517 2831 626 2892 tamen
648 2825 886 2909 neglegendum
916 2834 965 2894 est
986 2828 1206 2911 Apollonium,
1237 2829 1290 2910 qui
1315 2828 1354 2895 de
1376 2831 1507 2898 Lesbia·

381 2943 488 2991 carum
526 2923 696 2989 formarum
729 2931 862 2991 accentu
894 2934 1043 2992 accurate
1075 2932 1220 3010 moneat,
1257 2927 1383 2994 etiamsi
1419 2929 1507 2994 haud

316 3037 318 3041 ·
381 3042 485 3106 panca
513 3022 607 3088 affert
634 3024 792 3089 vocabula
819 3023 987 3107 Boeotico¹
1024 3042 1107 3105 quae
1134 3031 1300 3088 accentum
1330 3025 1364 3088 in
1393 3026 1508 3091 ultima

381 3121 538 3202 habeant,
572 3121 653 3185 nibil
687 3141 822 3203 nsquam
856 3121 897 3186 de
930 3121 1041 3184 horum
1074 3128 1208 3185 accentu
1240 3129 1361 3187 notare.
1405 3122 1508 3190 Affert

382 3217 501 3284 deinde
529 3218 655 3284 Abrens
685 3218 712 3294 (I
737 3220 808 3287 167]
837 3218 996 3283 nonnulla
1024 3218 1157 3283 nomina
1185 3221 1315 3302 propria
1344 3220 1505 3304 Boeotico,

381 3316 414 3381 in
437 3315 552 3399 quibus
575 3321 724 3380 accentus
746 3315 891 3379 ultimam
914 3322 1049 3398 occupat
1069 3315 1156 3401 apud
1171 3318 1294 3382 Atticos
1316 3318 1506 3400 scriptores:

378 3404 582 3493 Ἐρχομενός,
607 3415 746 3489 Krenai,
770 3409 1008 3495 Μυκαληττός,
1031 3411 1192 3490 Βοιωτός,
1213 3408 1355 3490 Ἑλικών,
1380 3419 1506 3481 Κιθαι-

373 3508 458 3593 -ρών,
486 3502 645 3594 Ἰσμηνός,
673 3503 847 3585 Ἀσωπός,
878 3502 1002 3589 Αὐλίς,
1033 3531 1115 3595 quae
1136 3511 1199 3576 iam
1223 3512 1333 3594 augeri
1355 3522 1506 3595 possunt:

378 3601 499 3684 Ἀλκίς,
523 3611 665 3688 Μυρτὶς,
691 3603 807 3670 Θεανώ
830 3612 889 3672 ete.

467 3705 558 3787 Alia,
582 3723 665 3786 quae
686 3704 823 3770 afferunt
844 3705 1059 3788 grammatici,
1086 3713 1142 3771 aut
1163 3714 1228 3770 tam
1249 3706 1399 3790 ambigue
1422 3708 1507 3774 dicta

382 3809 472 3885 sunt,
496 3808 530 3867 ut
551 3801 631 3867 nihil
654 3801 730 3866 inde
753 3801 905 3886 colligere
927 3804 1032 3887 liceat,
1059 3811 1114 3868 aut
1137 3804 1265 3871 Boeotis
1288 3824 1358 3870 cum
1381 3806 1507 3872 Lesbiis

381 3901 563 3967 communia
584 3919 656 3966 esse
678 3899 835 3982 dicuntur,
858 3909 894 3966 ut
914 3901 947 3966 in
970 3909 1102 3967 accentu
1126 3903 1186 3967 soli
1204 3902 1311 3968 Lesbii
1334 3904 1507 3986 respician-

382 4007 432 4065 tur
461 3999 549 4076 (Abr.
573 3999 594 4063 l.
617 3999 668 4073 a).
711 3998 842 4064 Minoris
876 3998 972 4064 etiam
1005 4000 1157 4065 momenti
1191 4007 1255 4081 est,
1289 3999 1316 4064 si
1348 4001 1382 4064 in
1415 4002 1505 4065 libris

381 4095 605 4180 manuscriptis
633 4101 781 4162 accentus
808 4096 965 4162 Lesbiaco
991 4116 1032 4163 ex
1060 4117 1148 4163 more
1175 4097 1252 4180 poni
1280 4098 1424 4180 videtur,
1456 4098 1503 4163 cui

381 4193 685 4277 1·eiBe1·gkius(ad
708 4193 777 4259 (lor.
801 4195 837 4259 fr.
867 4200 895 4272 1)
920 4195 1033 4260 mirum
1057 4203 1210 4278 quantum
1232 4194 1352 4260 tribuit.
